3202 5028
8 3551 35 3620 b

643 503 898 574 ..89-

313 709 593 800 integulatus:
635 711 724 801 Aug.
752 711 789 780 in
815 731 870 802 ps.
900 708 1056 800 128,11
1086 706 1192 793 berto
1218 734 1305 805 quae

236 824 459 898 noemmin
485 825 590 908 tertii,
617 824 658 898 in
683 824 809 899 solorio
835 825 1035 923 integulato.

312 1040 520 1127 iiiiiiiiiiii:
561 1051 653 1138 Aug.
682 1069 710 1117 c.
744 1050 928 1120 Fortunat.
956 1049 993 1140 1,
1021 1047 1042 1119 3
1070 1044 1162 1141 qnod
1185 1045 1304 1118 incor-

235 1166 408 1263 ruptibilis
442 1164 487 1238 sit
522 1163 639 1244 Dens,
671 1219 678 1237 .
708 1219 716 1237 .
749 1165 841 1262 qnod
873 1163 1068 1247 lauditia,
1104 1163 1303 1246 intenibilis,

238 1285 469 1382 impossibilis.
524 1287 606 1358 Alia
644 1289 680 1355 in
708 1287 801 1358 -bilis
829 1288 1089 1378 Augustiniana
1128 1293 1211 1356 suut
1241 1289 1303 1356 int.

237 1412 316 1478 cett.
350 1406 553 1478 amissibilis
588 1405 712 1488 (etiam
743 1406 812 1476 Jul.
847 1427 904 1496 ap.
934 1407 1023 1496 Aug.
1054 1427 1083 1473 c.
1111 1426 1181 1474 sec.
1210 1427 1304 1498 resp.

236 1525 499 1616 Jui.VI‚18i‚
528 1524 737 1614 copulabilis
764 1525 854 1594 Mus.
883 1525 927 1613 ΙΙ,
957 1521 1016 1612 26,
1043 1523 1105 1614 IV,
1134 1523 1181 1595 32
1210 1521 1304 1594 ‘cum

237 1647 304 1714 sibi
332 1644 544 1735 copulantur
570 1647 629 1732 qui
648 1644 739 1713 inter
757 1663 796 1712 se
816 1647 897 1712 sunt
924 1641 1142 1732 copulabiles
1171 1641 1303 1735 pedes',

236 1762 538 1855 imperturbabilis
566 1760 663 1830 Trin.
693 1762 756 1853 IX,
785 1762 821 1850 6,
848 1761 893 1830 11
925 1761 970 1830 al.
1000 1756 1159 1851 (Oros),
1185 1763 1305 1830 incon·

236 1881 414 1952 uersibilis
440 1883 541 1970 gesti.
567 1879 690 1970 Pelag.
719 1880 754 1970 6,
784 1879 832 1950 20
859 1881 919 1969 ab,
945 1879 1193 1970 ineunlsibilis,
1220 1881 1305 1949 irre·

237 1998 444 2091 gressibilis,
470 1998 751 2067 irretractabilis.

315 2207 565 2290 ininitiabilis:
592 2216 661 2284 inc.
690 2220 781 2284 auct.
811 2218 899 2301 [sec.
914 2213 964 2305 V)
991 2214 1035 2286 de
1063 2224 1179 2288 uocat.
1208 2239 1302 2287 omn.

237 2336 394 2426 gentium
428 2334 478 2425 11,
515 2333 563 2405 35
597 2330 774 2405 nemiuem
809 2329 886 2402 Dei
915 2331 1035 2438 piatio
1068 2331 1305 2408 intentabilem

233 2450 331 2540 fucit,
360 2453 466 2542 gloss.

270 2703 273 2710 .
312 2655 713 2724 interannuntiare:
740 2655 896 2725 Libe-rat.
920 2656 1075 2726 breuior.
1105 2656 1218 2747 (iper
1244 2652 1302 2724 in-

235 2770 562 2842 terannuntiantem
581 2769 769 2842 diaconum
787 2770 853 2842 tole
866 2781 1075 2865 occeperunt
1087 2794 1302 2866 responsum.

311 2966 533 3067 interdicitis,
562 2995 618 3044 us:
651 2974 718 3044 inl.
749 2996 806 3067 ap.
834 2978 925 3066 Aug.
946 2959 984 3044 c.
1012 2997 1083 3046 sec.
1111 2997 1205 3068 resp.
1233 2976 1302 3045 iul.

238 3093 299 3182 VI,
329 3092 378 3162 io
407 3089 447 3188 (s.
477 3115 511 3163 u.
539 3085 751 3186 pomulam).
1320 3091 1323 3098 ⁴

312 3283 566 3369 interiectum:
601 3295 692 3384 Aug.
722 3314 752 3362 c.
780 3294 880 3384 epist.
909 3294 1075 3365 Parmen.
1103 3295 1162 3386 ΙΙΙ,
1191 3295 1227 3387 i,
1254 3297 1305 3368 14

234 3431 308 3480 non
326 3407 559 3494 interfectorie
578 3408 788 3506 perentitur,
816 3408 875 3481 sed
889 3409 1145 3485 medicinaliter
1163 3413 1304 3499 neritum

237 3569 281 3582 -
313 3529 393 3600 odi.
422 3531 545 3601 Ambr.
576 3533 665 3620 Aug.
695 3529 775 3600 isid.

312 3731 725 3822 interpretabiliter:
764 3733 917 3821 Dionys.
935 3733 1037 3822 Exig.
1057 3731 1181 3823 Cyrill.
1202 3738 1301 3828 epist.

237 3961 491 3973 ...ὴ-σα

337 4127 592 4181 intellectuare
610 4127 636 4179 A
655 4132 683 4179 et
702 4126 787 4180 Beitr.
806 4127 861 4196 1113
885 4155 918 4167 -
942 4129 1240 4196 intelligentialis
1260 4129 1301 4195 A;

338 4241 368 4251 -
388 4212 729 4281 intelligentialitas
746 4211 787 4282 A3
807 4239 838 4251 -
857 4213 1188 4282 intelligentitaaib.
1207 4230 1234 4282 p.
1252 4213 1301 4282 ²63

338 4326 367 4336 -
387 4297 615 4352 intenebrare
635 4299 928 4368 A3—ictentiosua
946 4300 1032 4368 A3-
1049 4300 1252 4352 interiicioe
1268 4297 1300 4352 A.
