3208 5030
718 527 998 598 -156-

404 733 555 809 *terno
583 732 730 802 abusiue
759 730 803 800 de
831 751 918 800 uoce
943 731 1063 821 aliqua
1082 729 1256 821 singulari
1273 735 1392 819 pont,

329 875 361 921 u.
391 872 421 921 e.
449 853 565 922 Rufin.
594 849 692 940 Orig.
720 851 853 942 prinae.
881 850 897 918 Ι
923 869 975 940 pr.
1005 849 1028 917 8
1054 869 1129 917 non
1155 845 1249 917 idem
1274 869 1393 917 sensus

326 967 376 1040 toi
391 990 435 1038 ere
447 967 508 1039 isto
522 989 680 1038 sermone
697 963 887 1068 ἀσωμάτου
906 964 1020 1058 (sup.:
1041 967 1233 1058 appellatio
1253 963 1394 1056 ἀσωμά-

327 1091 406 1170 του)
421 1084 612 1166 indioatur‚
628 1082 690 1180 pui
697 1139 725 1157 ..
743 1081 945 1163 ostenditur,
957 1107 1037 1154 eune
1050 1082 1092 1182 oio
1104 1083 1311 1178 incorporea
1325 1107 1392 1154 na-

327 1216 411 1276 tura
425 1229 447 1274 a
454 1201 671 1299 philosophis
684 1201 896 1298 disputatur,
910 1187 1116 1276 caeninam
1131 1225 1185 1296 ps.
1195 1203 1255 1295 21,
1271 1202 1291 1274 1
1308 1197 1396 1284 δέος

328 1345 440 1393 aarum
464 1344 612 1416 pratens
631 1332 689 1402 est,
716 1319 777 1417 qui
794 1319 902 1391 latine
918 1318 1175 1415 interpretatur
1200 1316 1307 1390 timor
1333 1322 1393 1412 al,

329 1443 419 1512 Hist.
447 1421 528 1532 trip.
547 1441 613 1532 VI,
642 1441 687 1510 21
715 1436 895 1509 sciendum
921 1421 1017 1532 puio,
1046 1438 1121 1509 lieet
1145 1437 1284 1532 antiqui
1306 1437 1392 1532 piti-

328 1557 461 1653 losopiti
486 1559 580 1629 leuno
606 1580 800 1629 sermonem
828 1559 880 1643 (h.
902 1580 933 1628 e.
960 1559 1175 1629 uocabulum
1198 1557 1393 1644 ὑπόστασις,

329 1679 545 1762 substantia]
565 1674 782 1770 reliquerint,
801 1686 919 1744 tamen
936 1673 1091 1745 iuniores
1106 1675 1393 1770 philosophorum

326 1818 394 1890 pro
421 1793 612 1866 nedstantia
637 1791 871 1866 subsistentiae
894 1816 1051 1864 sermone
1067 1792 1151 1863 sunt
1168 1792 1233 1873 usi,
1254 1833 1300 1846 -
1322 1816 1393 1887 qua

329 1914 628 2007 superinductioia
662 1915 829 1984 uocabuli
855 1919 1029 2004 potestate
1056 1916 1229 2003 usisunt,
1256 1915 1316 2005 qui
1342 1916 1396 2012 in·-

330 2035 547 2124 soripserunt
572 2032 680 2102 Nonii
707 2038 813 2124 eaput
839 2033 889 2102 IV
915 2029 974 2100 ‘de
1006 2033 1110 2101 naria
1136 2033 1393 2122 significatione

330 2150 546 2221 sermonum'
575 2151 627 2230 th.
658 2170 688 2218 e.
717 2171 859 2241 uocum,
886 2155 925 2218 ut
951 2149 1155 2239 aduersum,
1183 2152 1305 2220 anima
1323 2202 1331 2218 .
1352 2153 1393 2238 .),

330 2272 365 2335 et
392 2268 568 2356 Fulgentii
594 2266 754 2336 libellum
780 2265 963 2359 ‘expositio
996 2289 1203 2337 sermonum
1235 2270 1394 2359 antiquo·

330 2383 420 2454 rum'
447 2385 499 2474 (h.
528 2404 558 2452 e.
586 2386 829 2478 interpretatio
856 2406 984 2455 uocum
1013 2378 1270 2476 antiquarum).

407 2572 680 2655 Semicillaidt':
709 2559 810 2668 F'ulg.¹
830 2579 940 2669 Rusp.
968 2579 1100 2648 Contra
1127 2599 1232 2647 serm.
1260 2577 1393 2648 Fastid.

331 2695 378 2766 17
406 2693 495 2765 sieut
520 2694 782 2776 sermocinator,
816 2694 902 2765 duna
929 2693 1112 2764 ueritatem
1138 2717 1244 2788 want
1269 2692 1394 2763 memi-

330 2811 385 2883 nit
415 2812 576 2906 io'puitur,
611 2811 704 2906 quod
733 2836 755 2881 a
786 2835 820 2883 se
843 2811 1028 2906 prolatum
1059 2811 1209 2892 indicat,
1243 2811 1305 2882 lroo
1335 2810 1394 2882 in-

330 2941 386 2998 tus
411 2927 452 2998 in
478 2941 591 2999 niente
616 2929 807 3023 repositum
831 2941 1020 3008 monstrat,⁸
1048 2967 1093 2982 -
1127 2933 1396 3002 sermocinatrix

332 3049 450 3139 Quint.
481 3051 572 3141 App.

407 3226 568 3328 illinitus
588 3237 801 3326 (siligineum
822 3238 864 3304 ei.
885 3237 948 3306 HA
967 3259 1003 3328 p.
1026 3235 1102 3306 21*
1122 3241 1208 3328 sq.):
1236 3239 1393 3324 Dynam.

330 3355 358 3442 Ι,
387 3353 407 3423 7
426 3351 563 3445 fortior
589 3352 642 3432 iris
670 3353 828 3424 omnibus
855 3365 901 3422 est
924 3351 1086 3446 silipiuus
1113 3350 1263 3446 (panis).

330 3554 583 3562 ---—-—-—-—-

431 3666 618 3716 seruitiulis
631 3665 667 3734 ὓς
687 3695 718 3705 -
736 3666 835 3716 seseln
853 3667 892 3734 A3
909 3691 933 3700 —
951 3669 1123 3734 sesenpteo
1137 3669 1167 3737 B,
1182 3669 1227 3722 ubi
1242 3667 1393 3737 legendum

433 3756 486 3803 est:
508 3751 688 3819 (sextuplex)
703 3791 708 3803 .
722 3790 729 3804 .
742 3755 935 3822 (sextuplus];
949 3781 980 3794 —
993 3754 1099 3804 senati
1118 3753 1153 3823 03
1173 3781 1205 3793 -
1223 3752 1395 3822 sipnijiea·

433 3845 482 3886 tor
500 3841 528 3887 et
545 3837 627 3886 -tria
641 3836 678 3901 B;
692 3865 724 3874 -
742 3837 1006 3904 siliquatio-ensis
1018 3840 1059 3905 A3
1073 3866 1105 3876 -
1117 3839 1323 3890 siluiaaedus
1341 3837 1395 3906 ib.;

434 3949 465 3959 -
484 3921 635 3972 sieniator
660 3920 805 3987 Beiu.11;
834 3950 865 3962 -
892 3923 1168 3975 similinembrius
1196 3924 1237 3992 A3
1266 3952 1297 3961 -
1324 3924 1396 3972 sim-

432 4005 532 4071 pliurn
551 4007 587 4074 ῦς
607 4033 639 4044 -
657 4006 841 4073 sinapisaus
859 4010 901 4074 (i)
920 4010 953 4062 A.

332 4123 478 4192 centipeda
491 4139 512 4174 s.
525 4123 606 4190 Piis,
621 4125 689 4178 Arn.
703 4124 777 4188 leid,
792 4125 959 4194 decempeda
978 4142 1009 4192 a,
1028 4126 1190 4194 flexipedes
1205 4128 1315 4192 Anien,
1334 4126 1395 4176 mil·

332 4207 432 4276 lepede
454 4223 476 4261 s.
496 4208 582 4278 l’lin.‚
607 4209 696 4277 ilisa,
723 4210 877 4278 multipeda
897 4211 981 4274 Ptin,
1007 4211 1041 4262 al.
1062 4209 1171 4280 (irem,
1196 4210 1396 4278 quadrupedes

331 4291 446 4359 Fronto,
468 4294 567 4362 amm,
586 4295 791 4365 saru(pi)peda
829 4295 870 4349 ct.
890 4295 910 4346 Ο
930 4312 956 4366 p.
975 4295 1017 4361 ts,
1036 4310 1063 4346 n.
1082 4297 1123 4350 10.
