3208 5030
733 466 1006 536 -162-

410 656 628 743 subdolosus
655 664 877 758 (subdolusu
906 668 1068 740 Cassiod.
1095 675 1214 764 inps.
1241 673 1328 764 106,
1348 674 1398 744 34

335 781 397 878 qui
421 793 555 854 terrens
581 783 681 856 illurn
705 783 961 870 fructiferam.
985 842 994 858 .
1021 787 1206 860 subdolosis
1231 791 1402 863 mentibus

334 901 489 974 babitare
502 902 724 984 uidebuntur,
749 907 877 1000 „gloss
892 907 1052 979 Hildobr.
1068 909 1293 1003 subdolosus,
1309 917 1401 982 astu·

333 1018 427 1116 tus“;
459 1063 503 1074 -
532 1023 770 1096 subdolositss
796 1024 881 1095 Isid.

411 1255 625 1339 subtitubo:
665 1263 831 1354 Ps.·'Aug.
861 1263 907 1333 od
933 1265 1051 1334 trstrr.
1081 1285 1324 1335 eremorum.
1355 1266 1403 1336 39

334 1379 508 1454 subelectio
526 1393 574 1452 est
592 1378 732 1476 quondo
750 1379 792 1450 de
806 1379 901 1452 bonis
915 1381 1023 1453 electis
1039 1381 1217 1477 eliyuntur
1234 1382 1403 1455 r'neliores.

412 1611 630 1714 sotottooss:
666 1621 831 1710 Ps.·Aug.
861 1619 906 1689 ad
933 1620 1051 1689 fratrs.
1083 1641 1192 1721 orem.
1220 1641 1326 1690 serm.
1355 1621 1403 1690 39

334 1735 376 1807 de
406 1735 461 1808 bis
493 1736 652 1832 subeleyit
673 1735 771 1834 filios
796 1733 891 1808 Leni
897 1791 907 1818 ,
941 1735 1003 1831 qui
1028 1789 1035 1806 .
1065 1791 1072 1806 .
1107 1736 1148 1808 in
1179 1737 1403 1809 tabernaculo

334 1853 493 1927 Domini
517 1855 591 1928 ritu
611 1866 784 1951 perpetuo
811 1855 1037 1937 deseruirent,
1066 1859 1115 1927 ib.
1142 1860 1206 1930 inf.

377 2089 665 2178 ‚subeuntum
707 2091 852 2186 [Hilar]
881 2115 990 2163 onon.
1018 2097 1055 2163 in
1082 2095 1150 2164 Job
1176 2096 1224 2185 11,
1260 2118 1294 2187 p.
1329 2095 1404 2166 174

334 2212 372 2283 ob
399 2211 462 2284 boc
488 2211 612 2286 selune,
626 2210 701 2282 illos
728 2213 887 2297 (nuntios
915 2210 1096 2305 diabolus)
1123 2212 1335 2293 reseruuuit,
1362 2223 1403 2283 ut

333 2343 575 2428 consequenter
601 2329 733 2402 dolores
758 2330 1042 2402 subenarrurent.

410 2560 658 2646 subticuisse:
686 2571 796 2660 ‘Aug
835 2591 941 2640 serm.
974 2571 1057 2640 Mai.
1093 2569 1114 2638 3
1157 2571 1274 2656 (uitis)
1315 2593 1402 2664 quae

324 2684 547 2762 ¹scusbroculis
573 2699 716 2782 opacata
742 2686 932 2759 coelestibus
958 2685 1172 2782 subfrondet.

411 2920 651 3020 sublatentis,
679 2947 737 2998 oo:
769 2927 885 2996 Rufio.
914 2925 1012 3019 Orig.
1041 2925 1086 2996 de
1114 2929 1247 3018 princc.
1276 2925 1403 3017 IV,1,

335 3045 385 3116 34
418 3067 498 3114 curn
530 3067 648 3116 sensus
679 3056 795 3114 noster
826 3043 923 3115 omni
955 3043 1120 3138 qualitate
1150 3043 1191 3114 ob
1230 3042 1403 3114 intellectu

333 3186 395 3234 suo
421 3176 555 3235 rernoto
572 3163 690 3259 ipsunt
707 3160 934 3234 urbiocentiuc
959 3161 1073 3242 solius,
1102 3174 1142 3234 ut
1167 3161 1218 3233 itu
1236 3160 1402 3241 dicerint,

327 3293 504 3376 punctum
548 3294 748 3370 contuetur,
791 3294 822 3351 et
860 3280 931 3376 ipsi
967 3281 1135 3363 inliceret,
1181 3304 1404 3377 nequaquem

333 3401 521 3496 respiciens
546 3401 596 3474 od
616 3401 796 3473 rnollitiern
821 3401 879 3471 nel
903 3398 1071 3472 duritiem
1098 3400 1154 3471 uel
1179 3400 1332 3472 calidum
1348 3399 1406 3471 uel

324 3518 509 3614 friyidurn
537 3572 544 3587 .
576 3519 825 3600 .substontioe,
854 3530 938 3590 tunc
952 3518 1120 3598 sineubztn
1146 3518 1401 3614 quodnrnrnodo

333 3637 537 3731 coqitutione
562 3638 616 3709 bis
642 3638 801 3710 omnebus
827 3637 1050 3733 qualitatibus
1074 3637 1212 3710 nudans
1230 3638 1405 3710 uidebitur

333 3756 468 3830 intueri
490 3756 688 3830 motorium.

410 3987 645 4089 subimplere:
694 3996 785 4086 Aug.
835 4017 864 4064 c.
908 3998 1008 4086 epist.
1050 3995 1205 4069 Manioh.
1248 3994 1313 4085 22,
1356 3995 1404 4065 24

334 4113 375 4184 ob
414 4112 584 4202 inferiore
612 4124 721 4207 purte
753 4166 761 4185 .
797 4166 822 4192 .,
868 4136 936 4207 quo
975 4110 1091 4182 hostili
1125 4134 1233 4183 cuneo
1271 4111 1403 4183 subinc-

327 4233 462 4328 pletur.
