3208 5030
627 500 905 574 -171--

241 711 244 770 ἶ
291 705 553 802 ‘ttpttttxtttt
594 709 684 778 Mar.
726 709 835 783 Mero.
876 710 994 780 Proeti
1028 713 1125 781 hom.
1158 709 1242 782 see't.
1275 702 1300 784 ’3

239 827 412 908 (Meris.·
439 827 643 898 .terribiiis
662 827 936 918 dispensationis
956 829 1074 920 tela,'
1065 853 1098 898 tn
1120 851 1190 922 quo
1216 834 1303 902 inei-

233 939 350 1016 fabilis
383 948 640 1016 incarnationis
673 954 768 1017 texta
800 953 852 1018 est
877 949 1026 1038 tunica)
1055 946 1152 1018 euius
1177 971 1302 1088 super-

232 1073 345 1133 teutor
371 1059 529 1156 Spiritus
555 1075 693 1134 sanatus
720 1074 777 1136 est.

308 1244 589 1344 superintulit:
630 1251 800 1324 Ambr.
790 1274 827 1322 tn
855 1273 907 1343 ps,
937 1252 999 1344 37,
1027 1253 1074 1324 29
1101 1250 1301 1346 iniquitates

233 1392 329 1440 meae
354 1366 682 1462 supertransierunt
708 1379 813 1463 eaput
838 1391 965 1442 meum.
1003 1413 1006 1420 ι

309 1565 556 1665 superantis:
584 1572 678 1640 Petr.
699 1569 862 1661 Chrysol.
890 1593 997 1642 serm.
1025 1572 1072 1642 12
1093 1593 1201 1666 nsque
1218 1595 1301 1644 eau-

235 1701 283 1764 tos
308 1688 494 1784 uipilantss
519 1687 647 1760 sobrios
677 1685 833 1758 diadolus
861 1688 1118 1782 parturbare
1143 1689 1215 1762 suis
1240 1715 1301 1762 su-

232 1806 516 1905 peruantionidus
539 1804 869 1901 praenuntiat).

310 1987 580 2090 suppletorium:
621 1997 689 2066 tul.
723 2019 780 2088 ap.
814 1999 904 2086 Aug.
940 2019 969 2065 e.
1006 2018 1076 2066 see.
1110 2018 1202 2086 resp.
1231 1997 1302 2066 inl.

237 2197 490 2208 ..affl—n*—

337 2317 544 2376 supertertor
567 2307 714 2374 Bein.11·,
737 2333 769 2347 -
792 2308 1006 2373 supernatare
1023 2307 1060 2378 Β,
1083 2337 1109 2345 --
1135 2309 1301 2374 suppletis

338 2395 374 2448 ib.
394 2397 421 2446 et
439 2393 587 2462 Rettulit,
610 2392 671 2444 add.
691 2391 775 2446 Aldh.
795 2393 906 2460 Septen.
919 2392 970 2446 eol.
983 2391 1033 2445 168
1047 2393 1155 2460 dignm
1174 2421 1206 2432 -
1224 2409 1301 2458 sup·

337 2479 502 2544 plicantur
519 2480 553 2529 A.

304 2599 352 2662 36)
373 2597 494 2649 Verbum
517 2593 760 2664 praeualere
779 2608 840 2645 oum
859 2595 1000 2647 infinitiuo
1013 2597 1078 2659 (aet.
1092 2600 1119 2647 et
1131 2599 1219 2664 pass.)
1239 2614 1301 2652 oon·

239 2687 374 2748 structum
395 2682 435 2732 ita
457 2685 489 2733 ut
512 2693 628 2747 prorsus
652 2678 682 2730 id
706 2678 780 2744 quod
807 2693 925 2746 possa
953 2679 1092 2747 signifieat
1114 2681 1244 2749 (perinde
1272 2697 1323 2733 ae·
1353 2739 1355 2744 ¹

242 2767 364 2834 simplex
385 2765 500 2818 ‘ualere’
519 2763 660 2815 interdum
681 2760 754 2829 opud
782 2778 800 2829 p
824 2767 851 2814 et
869 2764 924 2831 pA,
944 2779 964 2817 e.
983 2765 1031 2814 int.
1051 2780 1123 2832 pass.
1144 2780 1166 2816 e.
1186 2780 1208 2816 e.
1227 2765 1302 2820 Hier.
1321 2751 1325 2783 '¹

240 2849 319 2919 Orig.
338 2853 366 2901 in
386 2850 443 2902 der.
467 2849 542 2903 hom.
561 2848 594 2900 13
613 2862 657 2899 ex.
677 2844 718 2898 ‘ut
736 2885 742 2898 .
762 2884 768 2898 .
793 2861 854 2900 eum
873 2846 981 2900 Sanctis
1004 2848 1149 2902 ualeamus
1173 2851 1302 2912 assumi’)

237 2935 312 2988 haud
329 2950 394 2988 raro
413 2935 558 2987 inuenitur
583 2930 658 3000 apud
676 2946 761 3000 rece,
789 2946 812 2985 e.
832 2947 853 2985 o.
876 2931 966 2987 Rufio.
987 2931 1064 3001 Orig.
1089 2934 1122 2986 de
1146 2936 1247 3003 prinae.
1266 2935 1301 3000 ΙΙ,

237 3019 297 3084 3,3
322 3018 402 3084 ‘quse
422 3057 456 3070 ..
483 3032 534 3069 neo
559 3023 683 3069 amorta
708 3017 798 3083 uinci,
826 3031 877 3067 neo
903 3017 999 3070 aculeo
1027 3020 1124 3070 mortis
1153 3020 1302 3087 compungi

238 3103 439 3172 praeualeent’,
459 3101 524 3154 dnn.
538 3099 713 3154 Philosorb.
733 3101 819 3154 deser.
838 3102 864 3167 1,
884 3100 991 3153 Eanod.
1010 3116 1053 3169 ep.
1068 3101 1113 3170 VI,
1133 3103 1158 3170 1,
1177 3103 1219 3169 2³,
1239 3103 1302 3155 diet.

238 3187 269 3240 21
289 3203 315 3255 p.
335 3187 394 3252 334,
415 3186 577 3254 cumprimis
591 3189 683 3236 autem
697 3183 794 3237 erebro
808 3184 882 3251 apud
902 3184 972 3236 Cas
983 3186 1015 3238 ai
1026 3201 1042 3238 o
1053 3185 1119 3238 dor
1130 3202 1146 3238 u
1158 3203 1204 3252 m,
1224 3189 1302 3240 enine

240 3286 276 3323 ex
295 3271 472 3338 expositione
491 3273 521 3320 in
539 3268 708 3321 Psalterium
729 3267 812 3319 huius
832 3271 989 3320 structurae
1003 3271 1133 3337 exempla
1152 3270 1242 3322 obiter
1255 3286 1303 3324 no-

238 3357 297 3406 taui
317 3353 520 3422 propemodum
540 3353 754 3419 quinquaginta,
775 3356 806 3402 ut
824 3367 849 3404 u.
869 3366 890 3402 o.
909 3353 939 3402 in
957 3367 998 3420 ps.
1012 3354 1045 3404 53
1065 3353 1249 3420 ‘depreeatur‚
1269 3370 1303 3406 ne

242 3453 305 3490 enm
324 3438 430 3488 inimici
458 3438 606 3490 fortissimi
634 3449 755 3503 grauaro
782 3435 991 3503 praeualeant,
1020 3438 1048 3489 in
1068 3453 1108 3505 ps.
1127 3439 1143 3494 6
1162 3455 1187 3507 p.
1207 3439 1239 3492 tt
1258 3453 1304 3493 ex.

240 3523 385 3588 ‘quantum
399 3527 523 3573 meretur
536 3521 624 3588 luere,
644 3533 699 3571 non
718 3519 866 3588 praeualet
877 3521 1036 3587 sustinere,
1054 3524 1083 3573 in
1099 3523 1110 3573 1
1128 3523 1213 3575 oonel.
1234 3524 1303 3576 ‘sine

239 3621 293 3674 qua
319 3605 454 3670 (unitate)
475 3591 645 3674 ¹supputatio
674 3619 724 3656 nee
749 3604 882 3656 inchoare
911 3607 1063 3672 quidquam
1090 3609 1236 3676 praeualet
1254 3623 1304 3660 nee

208 3694 209 3698 ’
238 3691 371 3761 prodire',
401 3691 430 3741 in
458 3691 517 3757 2,1
543 3687 620 3756 ‘quid
647 3691 684 3742 sit
706 3689 759 3742 Dei
787 3688 944 3742 substantia
970 3691 1130 3744 nullatenus
1158 3691 1303 3760 praeualat

217 3773 219 3778 '
239 3775 456 3845 eomprehendi',
475 3776 504 3826 in
523 3776 566 3842 89,
588 3777 616 3827 11
637 3815 642 3827 .
663 3793 685 3840 ,ς
706 3775 806 3827 deinde
820 3777 903 3827 etism
921 3776 950 3825 in
964 3777 1063 3828 soteris
1077 3776 1202 3829 eiusdem
1217 3779 1302 3844 serip-

240 3849 275 3914 tis
293 3860 382 3913 multa
400 3859 511 3926 inueni,
541 3863 572 3910 ut
599 3858 633 3910 de
652 3860 746 3911 anima
766 3859 855 3927 praef.
885 3857 944 3910 ‘nee
961 3859 1046 3924 longe
1065 3860 1154 3912 tendit
1172 3862 1302 3924 (anima),

239 3952 270 3997 ut
287 3961 318 4000 se
335 3945 464 3997 inuenire
485 3944 665 4012 praeualest’,
685 3944 721 3998 ib.
734 3945 793 4010 int,
812 3943 849 3996 ib.
863 3959 885 3997 o.
904 3946 917 3995 1
937 3944 982 4010 al„
1002 3944 1067 3998 Var.
1080 3945 1115 4012 ΙΙ,
1128 3945 1162 3997 39
1181 3944 1303 3998 ‘neeesse

239 4035 290 4096 set,
309 4035 340 4082 ut
358 4034 440 4081 antes
458 4029 603 4094 decoquat,
623 4043 707 4096 quam
727 4027 879 4080 emandare
898 4028 1084 4097 praeminet,
1112 4029 1134 4093 Ι,
1152 4031 1196 4096 45,
1215 4030 1251 4095 ΙΙ,
1269 4030 1304 4081 to

240 4114 316 4182 aliq„
335 4115 384 4181 ΙΙΙ,
403 4115 436 4167 53
455 4131 510 4181 οι,
538 4113 586 4181 IV,
604 4113 638 4165 13
658 4152 664 4165 .
684 4152 699 4179 .,
720 4111 851 4179 (Epiph.)
878 4113 943 4166 hist.
962 4115 1072 4181 tripart.
1094 4113 1166 4180 VIIl,
1186 4114 1218 4165 15
1238 4112 1303 4166 ‘non

240 4200 410 4266 exsistente,
439 4200 487 4265 qui
506 4200 547 4250 eis
565 4199 697 4250 resistere
724 4197 837 4249 sortiter
866 4197 1061 4265 praenotet-st,
1080 4197 1129 4263 ΙΙΙ,
1149 4199 1173 4263 7,
1192 4197 1240 4265 vt,
1259 4197 1302 4264 33,

241 4277 300 4344 vlt,
321 4283 352 4335 to
371 4287 399 4333 et
415 4283 458 4350 33,
476 4284 526 4348 ΙΙΙ,
544 4283 578 4335 43
596 4283 630 4336 al.
