3208 5030
630 473 910 544 -107-

235 677 284 750 id.
317 678 366 747 ib.
397 677 459 768 Ν,
499 675 573 748 129
606 686 796 771 postquam
827 730 836 749 .
873 730 881 748 .
922 675 1128 748 uoluntaria
1166 688 1306 772 peccata

230 805 445 890 patuerunt,
478 818 629 890 quorum
665 794 801 866 reiectio
828 795 1103 893 ammonebatur,
1136 807 1220 867 tuna
1245 796 1305 868 de-

236 937 337 985 mum
362 913 402 984 in
420 911 589 1008 obstipam
608 913 825 1008 punitorum
844 913 1105 1012 profanitatem
1126 915 1308 1010 scriptoris

237 1029 390 1124 assuspit
424 1030 572 1102 inuectia
606 1030 778 1126 (dicitque
808 1036 889 1106 illos
922 1041 1057 1106 tantem
1087 1037 1195 1106 inisse
1227 1058 1306 1105 cum

239 1154 445 1224 criminibus
481 1153 775 1246 familiaritatem,
816 1161 854 1224 ut
886 1156 1011 1225 innata
1044 1154 1307 1247 quodammodo

237 1272 474 1358 uiderentur).

319 1453 476 1554 obstipe:
504 1461 573 1530 Jul.
603 1481 659 1551 ap.
688 1461 779 1550 Aug.
808 1480 837 1530 c.
866 1480 937 1530 sec.
965 1479 1058 1552 resp.
1084 1460 1152 1530 Iul.
1173 1459 1233 1550 vl,
1261 1459 1309 1530 25

239 1575 326 1674 quid
350 1600 413 1649 nos
430 1587 505 1648 tom
522 1576 648 1673 obstipe
664 1575 823 1648 ueritatis
840 1574 944 1648 sobius
966 1575 1139 1648 rationem
1165 1599 1309 1671 sequen-

241 1695 326 1768 dam
346 1706 516 1791 putamus
545 1751 553 1769 .
582 1695 620 1768 ..⁹

319 1879 506 1962 obsitbcie:
535 1905 649 1976 comp.
679 1885 770 1974 Aug.
800 1881 876 1954 Ciu.
897 1883 967 1954 Dei
992 1882 1036 1974 11,
1065 1881 1113 1954 24
1141 1903 1193 1952 ex.
1220 1891 1308 1956 ut..

236 2024 307 2099 per
341 2003 424 2072 baec
455 1999 540 2096 ipsis
579 1997 685 2070 etiam
724 1998 948 2071 daemonibus
980 1998 1089 2071 mado
1121 1997 1311 2072 obstrictius

241 2119 457 2202 subderetur,
478 2122 524 2192 ib.
542 2121 590 2191 28
605 2122 823 2207 [obstrictior
837 2121 876 2190 P.
891 2121 987 2211 NoI,
1001 2122 1131 2190 sitente
1144 2122 1309 2208 Dee-Viti

322 2323 574 2397 obsurdare:
606 2324 698 2414 Aug.
726 2325 762 2392 in
789 2343 842 2413 ps.
872 2321 933 2412 57,
960 2322 1009 2392 15
1036 2333 1067 2391 et
1092 2320 1184 2416 ipsos
1211 2323 1312 2410 (has-

245 2432 391 2528 reticos]
419 2438 623 2513 inuenimus
649 2463 715 2511 esse
741 2449 912 2535 serpentes
928 2436 1172 2534 indipnatione
1190 2439 1310 2511 obsur-

245 2562 352 2641 datos,
380 2560 532 2631 nobentes
557 2557 682 2629 audire
706 2556 1001 2630 medicamentum
1027 2583 1049 2630 a
1075 2557 1244 2653 sapiente·
1263 2599 1309 2614 --

246 2683 397 2753 surdare
422 2679 523 2772 Celp.
550 2681 629 2770 eci,
657 2680 763 2770 gloss.

323 2858 618 2942 obsutbeiactte:
659 2867 750 2958 Aug.
779 2886 808 2934 c.
836 2866 957 2936 Faust.
985 2865 1154 2955 XXXIII,
1181 2865 1203 2934 6
1230 2885 1314 2958 quos
1371 2944 1374 2949 ,

248 2994 370 3056 santra
389 2983 584 3056 testimonio
609 2982 871 3078 scripturarum
893 2981 1117 3068 obsurdefecit
1135 2981 1313 3077 iniquitas.

248 3103 300 3175 Of.
329 3102 608 3196 ‘squalefecerat

323 3285 499 3385 obtectas,
526 3313 564 3360 u:
593 3291 661 3360 bul.
691 3311 747 3380 ap.
776 3290 868 3379 Aug.
897 3310 926 3358 c.
946 3308 1016 3359 sec.
1044 3308 1138 3378 resp.
1164 3287 1314 3378 JoIIV,

248 3409 296 3479 65
322 3418 371 3488 ut,
401 3407 574 3503 quodidie
599 3407 639 3478 in
665 3418 794 3478 secreta
820 3403 976 3500 corporis
996 3415 1103 3498 parte
1129 3403 1314 3485 constituit,

247 3548 310 3596 nas
335 3525 475 3597 totidem
502 3525 696 3597 uerecundo
722 3524 922 3620 'operiamus
948 3522 1087 3594 obtectu.

323 3725 605 3823 obiembetaibt:
646 3731 737 3820 Aug.
769 3731 806 3798 in
839 3748 892 3819 ps.
927 3726 1016 3815 134,
1045 3728 1065 3797 1
1096 3733 1315 3796 ueneratores

248 3847 403 3919 nominis
433 3845 505 3926 sai,
540 3846 825 3940 obtemperatores
856 3843 1021 3915 mandati
1053 3841 1111 3914 sui
1141 3840 1180 3913 id
1211 3839 1315 3929 docet,

247 3977 315 4038 at.
337 3993 365 4052 .;
394 4008 439 4022 -
469 3964 832 4059 obtemperandis,
859 3965 951 4058 Aug.
980 3963 1105 4058 (Beitr.
1124 3964 1173 4034 III
1199 3985 1226 4032 e.
1248 3963 1314 4047 u.).

351 4265 483 4316 obtectio
501 4265 532 4320 Β.
