3208 5030
717 499 991 578 -112-÷

398 694 607 798 *palpitare
634 722 663 770 c.
693 721 784 770 aec:
820 703 994 772 Dracont.
1022 721 1132 772 carm.
1160 701 1234 792 (ed.
1263 702 1390 796 Duhn)

321 825 367 914 V,
395 823 465 892 281
494 817 649 890 moriens
675 815 911 890 tramibaados
931 816 1086 916 palpitat
1108 830 1218 901 artas,
1239 823 1287 914 X,
1307 821 1393 913 244,

326 943 392 1037 ,ci
426 939 542 1014 Orest.
577 939 683 1030 Trag.
719 933 829 1009 727².

402 1151 678 1253 pancratiastas:
714 1156 820 1228 Aren.
847 1157 990 1248 Septen.
1019 1158 1085 1228 001.
1115 1157 1186 1227 211
1215 1164 1239 1228 t.
1269 1160 1316 1230 ss
1343 1161 1390 1232 M.

322 1274 504 1347 theatrales
523 1271 857 1370 pancratiariorum
880 1295 1041 1368 pompae·
1057 1272 1097 1345 irc
1123 1286 1308 1346 scammate
1318 1300 1391 1370 pa-

322 1391 479 1465 laestrico
498 1403 738 1489 perapaatar,
770 1388 922 1490 ,gloss.“
952 1392 1128 1485 (Quian).

400 1615 741 1707 panicoctarius:
780 1615 875 1684 Petr.
916 1612 1081 1704 Chrysei.
1120 1634 1225 1684 serm.
1265 1613 1313 1683 99
1353 1613 1402 1684 ia

261 1745 262 1748 ’
321 1755 435 1804 meaa
454 1728 719 1826 panicoctariae
744 1728 904 1801 mulieris
930 1733 1024 1822 (uer.
1052 1733 1149 1802 lect:
1183 1734 1393 1823 panicoctri·

325 1855 423 1948 cist„
461 1851 634 1923 Coniiciat
661 1871 747 1920 sane
776 1853 902 1944 aliquis
930 1849 1157 1922 scribendum
1189 1871 1267 1920 esse
1293 1855 1392 1942 pani-

328 1972 558 2062 coctlttarius,
586 1971 801 2060 comparatis
828 1969 975 2060 talibus,
1001 1974 1040 2037 ut
1066 1975 1147 2038 sunt
1174 1971 1391 2040 confectura-

307 2091 417 2179 ·rius,
459 2089 678 2178 flaturarius,
717 2090 956 2177 uecturarius,
989 2085 1141 2178 denique
1173 2091 1392 2159 cocturarius

327 2207 432 2298 gloss.
467 2204 609 2302 ἑῴειής.
661 2209 829 2276 Attamen
857 2211 995 2274 exstant
1020 2208 1056 2274 in
1085 2207 1195 2296 copiis
1221 2227 1328 2276 rece.
1357 2214 1392 2276 et

327 2325 399 2394 alia
418 2326 528 2394 -arius
548 2323 658 2414 finita,
678 2344 770 2413 quae
793 2345 873 2395 cum
901 2320 1034 2416 (pani)
1061 2326 1237 2394 acetarius
1265 2346 1391 2395 conue-

325 2447 403 2514 nire
438 2443 626 2514 uideantur
657 2448 692 2513 et
724 2444 837 2533 figura
876 2447 910 2512 et
952 2463 1082 2532 genere
1114 2443 1391 2533 significationis,

324 2567 364 2632 ut
389 2563 625 2652 collectarius,
660 2561 882 2651 directarius,
914 2563 1127 2652 rogatarius,
1159 2561 1394 2651 subactarius,
1486 2568 1489 2574 '

328 2680 564 2772 depositarius
604 2677 730 2772 (etiam
771 2701 804 2770 q.
837 2679 1019 2772 depositor
1056 2679 1175 2770 Dig.),
1214 2682 1392 2750 nectarius

327 2803 474 2890 (equus)
494 2801 613 2888 Vara,
633 2800 865 2890 uolutarium3
891 2820 974 2868 nam
995 2799 1066 2867 alia
1085 2797 1261 2888 quaedam
1279 2800 1392 2888 figura

326 2916 470 3007 quidem
497 2917 576 3008 ipsa
605 2917 745 3007 quoque
773 2917 902 2988 similia
929 2923 1011 2986 suut
1035 2917 1099 3006 ilii,
1127 2918 1392 3006 significationis

326 3040 445 3105 autem
476 3043 608 3127 genere
642 3034 841 3127 disparilia,
874 3036 983 3104 ueluti
1012 3037 1263 3126 coniectarius,
1299 3056 1391 3105 com-

324 3157 589 3245 promissarius,
605 3153 828 3244 creditarius,
840 3155 1044 3244 legatarius,
1058 3154 1268 3223 locatas-ius.¹
1288 3153 1390 3244 Quod

323 3294 410 3344 uero
438 3277 562 3344 attinet
590 3273 634 3342 ad
661 3273 815 3343 sormam
834 3271 1086 3364 ‘panicoct1·ix',
1115 3253 1391 3363 compositorum

326 3519 578 3533 m

323 3689 338 3738 2
358 3687 404 3756 sl,
423 3685 561 3742 Rustic.
582 3707 604 3745 e.
624 3685 729 3757 Aceph.
748 3707 775 3759 p.
793 3687 862 3743 1176
880 3689 915 3754 (s.
934 3705 960 3742 u.
975 3685 1228 3766 condescensorie),
1246 3689 1389 3752 Fseuud.

324 3771 379 3825 dei.
396 3774 445 3841 IX,
464 3775 482 3826 4
500 3777 536 3840 (s.
555 3792 581 3830 u.
600 3776 821 3842 resonuertere),
849 3773 951 3840 Greg.
978 3773 1058 3829 Tur.
1085 3774 1150 3829 hist.
1172 3775 1269 3828 Fraus.
1288 3775 1337 3843 IX,
1357 3775 1392 3826 10

324 3855 411 3926 ‘noui,
432 3862 574 3928 quonism,
594 3872 776 3928 quaeeunque
795 3859 911 3928 petieris
924 3859 958 3911 ab
972 3873 1015 3926 eo,
1030 3859 1178 3913 obtinebis’
1191 3859 1236 3926 sl,
1251 3887 1281 3898 κ-
1297 3859 1388 3913 coel.

324 3943 407 3998 Aur.
427 3943 497 3996 tord.
517 3945 567 4013 111,
585 3947 611 4011 8,
631 3948 681 3998 100
700 3943 765 3997 ‘nou
784 3943 915 4011 aduertit,
936 3945 1067 4008 quoniam
1083 3985 1087 3994 .
1102 3985 1108 3998 .
1122 3944 1196 3996 celer
1214 3944 1315 3996 dieitur
1328 3959 1389 4011 pas-

324 4027 366 4078 sio
385 4036 441 4080 aon
460 4028 529 4097 sols,
549 4043 620 4095 quse
638 4034 754 4096 repente
773 4029 926 4094 conficitur,
946 4042 1044 4080 uerum
1065 4030 1149 4080 etism
1171 4043 1213 4096 ea,
1233 4042 1304 4096 quse
1320 4028 1389 4080 cele·

324 4112 394 4162 riter
422 4112 495 4165 solui
524 4127 606 4179 posse
633 4115 827 4180 monstratur',¹
853 4101 882 4165 it.
908 4111 944 4180 ΙΙ,
968 4115 993 4178 1,
1014 4113 1056 4180 53,
1075 4113 1137 4164 sim.
1158 4113 1205 4179 lv,
1224 4112 1249 4180 3,
1269 4114 1301 4166 ‘18
1319 4115 1389 4178 (nou

326 4196 485 4258 ceuiieiens„
499 4198 651 4264 qsrouiam.
671 4236 677 4250 .
696 4201 890 4266 perspicitur),
908 4198 930 4263 Ι,
950 4200 975 4263 5,
995 4196 1044 4247 173
1063 4196 1169 4264 ιηεεοίἰ,
1189 4199 1321 4262 quoniam
1334 4197 1388 4248 ier·

327 4295 378 4334 uer
396 4317 403 4332 .
422 4321 428 4334 .
448 4284 566 4336 tumoris
585 4289 628 4336 est
645 4284 776 4351 signum',
795 4284 826 4337 it.
847 4281 881 4351 11,
900 4283 926 4349 1,
944 4281 986 4333 83.
