3208 5030
715 503 991 574 -106-

314 699 516 802 preteribit,
544 701 656 775 idest
681 701 969 775 nutrimentalem
997 757 1006 776 .
1035 757 1044 775 .
1071 713 1102 773 et
1127 701 1352 775 searaaiem.
1381 757 1389 775 .

320 835 352 896 et
376 821 597 894 rationator.

398 1067 588 1153 ubertate:
631 1073 765 1168 [Fulg]
800 1097 905 1147 serm.
939 1077 985 1147 11
1020 1072 1113 1146 aittt
1141 1071 1293 1145 seasibres
1324 1072 1393 1144 treis

320 1192 506 1275 aboriatur,
542 1196 643 1284 Fulg.
677 1195 786 1286 Rusp.
819 1194 876 1266 Ad
908 1197 1054 1266 Monim.
1082 1196 1126 1285 II,
1155 1196 1176 1263 5
1203 1195 1252 1263 in.
1279 1194 1312 1283 t?
1337 1215 1392 1286 γρ.

321 1314 539 1398 obuelasse).
1138 1317 1143 1330 '

401 1507 547 1592 oblitos:
574 1517 672 1587 Hier.
700 1518 737 1586 in
764 1536 817 1607 ps.
847 1516 896 1587 88
925 1521 970 1602 (ε.
999 1539 1033 1586 u.
1062 1515 1281 1600 derelictos).

398 1708 627 1812 obripilatio:
669 1717 751 1786 Vita
786 1716 889 1788 Caes.
924 1719 1022 1788 Arel.
1054 1718 1161 1807 11,1,
1191 1716 1211 1786 2
1245 1713 1338 1785 aetat
1364 1713 1396 1785 si

322 1833 383 1929 qai
407 1835 515 1905 soleat
528 1825 634 1929 'aqua
660 1831 797 1930 frigida
823 1834 990 1930 resperyi
1017 1833 1069 1905 ita
1092 1833 1211 1904 amaia
1237 1831 1394 1904 membra

322 1953 380 2024 ael
405 1958 469 2042 (z
480 1954 530 2044 et)
557 1976 667 2024 aerae
694 1952 765 2024 aises
792 2005 800 2022 .
828 2006 836 2023 .
865 1954 904 2026 iro
927 1952 1210 2049 obrepilationem
1227 1974 1394 2047 suspensa

323 2082 420 2152 suat,
452 2082 504 2150 at,
518 2093 643 2166 corpas
668 2070 778 2166 ipsias
804 2070 1025 2168 aliquantam
1055 2073 1202 2143 borrore
1232 2070 1339 2141 siroab
1364 2080 1395 2140 et

324 2201 472 2260 tremore
499 2201 708 2285 quateretur.

400 2388 625 2470 obsecrator:
653 2395 743 2464 Ven.
772 2394 867 2464 Fort.
897 2396 957 2464 uit.
987 2395 1107 2467 Germ.
1136 2395 1158 2464 6
1186 2389 1289 2487 quasi
1315 2401 1395 2462 arete

324 2536 356 2584 se
391 2511 518 2584 babeas
546 2509 788 2606 praesentiam
822 2507 979 2584 Domtot
1004 2535 1076 2607 pro
1115 2521 1194 2582 aoto
1234 2509 1396 2606 supplicis

324 2631 515 2703 obsecrator
541 2629 678 2702 aceedit.

275 2905 278 2912 .
402 2830 596 2930 obstinatio
625 2831 812 2926 (eriperer
840 2836 1008 2906 Laurent.
1036 2836 1133 2906 hom.
1162 2836 1183 2905 1
1213 2857 1274 2904 roeo
1297 2843 1394 2927 pate·
1440 2871 1443 2876 ,

323 2963 383 3021 rat
409 2974 490 3022 eam
506 2950 638 3032 uidere,
667 2949 853 3022 barbaram
871 2951 1094 3047 obstipatiorre
1124 2948 1174 3048 (in
1200 2953 1255 3023 ed.
1275 2955 1395 3046 Migne

325 3077 392 3141 est:
421 3065 690 3168 obstirpatione)
726 3070 893 3150 saalasas;
925 3070 1080 3144 modicae
1106 3094 1258 3165 remque
1284 3081 1395 3142 stata-

323 3212 385 3259 rao
411 3199 495 3259 erat.

407 3387 604 3486 *obstipus
630 3396 747 3464 trost:
776 3394 912 3465 Julian.¹
935 3417 990 3487 ap.
1021 3398 1112 3487 Aug.
1142 3417 1171 3464 a.
1201 3415 1271 3464 sea.
1300 3415 1393 3485 resp.

313 3511 394 3582 tul.
420 3511 480 3602 ΙΙΙ,
509 3511 557 3581 38
583 3534 627 3581 rte
654 3510 795 3582 resistat
820 3509 895 3606 qais
921 3535 1028 3606 usqae
1054 3511 1138 3583 adeo
1166 3509 1329 3606 obstipus,
1357 3522 1397 3583 at

319 3627 518 3724 perspicuis
544 3628 608 3701 sibi
624 3629 708 3701 aebit
725 3629 900 3702 seaterrtiis
918 3630 1122 3726 approbari,
1158 3629 1277 3700 Deam
1296 3629 1395 3700 aido-

325 3745 399 3817 liaet
424 3771 497 3818 aare
528 3745 631 3818 aliter
661 3746 836 3833 iudicare,
873 3772 979 3844 qaam
1006 3747 1164 3820 iudicari
1195 3748 1395 3843 imperarit,

427 4116 573 4168 abhibere
592 4115 629 4184 03
648 4143 680 4156 -
699 4116 898 4168 obdormitio
917 4118 941 4171 Δ
961 4117 1022 4172 add.
1037 4119 1111 4186 Aug.
1129 4119 1159 4170 in
1178 4133 1220 4186 pe.
1234 4119 1276 4185 ts,
1296 4117 1330 4168 10
1347 4116 1396 4182 (ai.

428 4200 621 4271 trg.1*);-
644 4201 790 4253 abeditor
808 4201 846 4270 B·,
870 4231 901 4242 -
925 4203 1157 4254 oblationario
1174 4204 1227 4271 ib.;
1251 4228 1283 4240 -
1308 4202 1396 4252 obre·

424 4295 535 4357 parter
552 4286 589 4354 03
617 4314 649 4326 -
676 4288 881 4340 atrabatem
902 4287 956 4356 ib.;
984 4314 1015 4326 -
1042 4288 1259 4341 abreaandari
1281 4287 1342 4355 dep.
1363 4288 1395 4340 Α.

1580 533 1587 707 ⁸

1585 825 1588 968 t
