3208 5030
612 513 886 585 -139-

216 720 377 790 cularum
405 712 704 808 permutationem
732 716 782 784 ita
805 717 998 807 praecipue
1018 709 1110 812 (³(5),
1129 719 1157 786 si
1178 715 1282 786 coion

218 838 496 925 coniunctium,
523 857 545 904 a
568 832 768 926 ‘quatenus'
794 835 831 904 in
858 831 919 904 ‘nt'
943 835 1062 906 locum
1089 837 1284 926 subrogata

215 958 407 1048 incipiens,
440 958 561 1044 aptum
589 958 682 1022 esset
709 973 730 1021 a
758 953 835 1023 colo
869 953 940 1023 alio
965 955 1192 1024 coniunctino
1220 951 1281 1023 ‘ut’

216 1075 501 1145 coniunctionem
528 1072 775 1163 praeferente:
802 1079 839 1139 nt
868 1123 875 1139 .
906 1122 928 1164 .,
956 1078 1158 1163 quatenns.
1186 1095 1207 1162 ;,
1234 1109 1282 1123 -

215 1194 328 1263 semol
355 1196 505 1280 tantum,
524 1191 610 1260 Var.
630 1190 724 1280 VIII,
752 1188 814 1281 30,
840 1193 1100 1281 permutatione
1126 1192 1284 1282 inuersa,

216 1314 267 1381 ita
295 1317 332 1380 nt
359 1330 431 1379 non
459 1313 497 1377 nt
523 1310 711 1399 posterius,
739 1307 802 1378 sed
829 1315 868 1377 nt
894 1311 1051 1380 anterius
1072 1310 1152 1379 loco
1172 1328 1284 1379 cesso·

216 1432 276 1500 rit:
297 1433 475 1521 quatenus
492 1479 499 1497 .
517 1478 539 1518 .,
558 1432 623 1498 ut.
646 1479 654 1496 .
681 1428 797 1498 Locos
815 1428 912 1518 ipsos
931 1428 1188 1520 subsequenter
1205 1449 1284 1518 par·

216 1550 278 1618 tim
305 1546 484 1637 indicaui,
511 1545 642 1637 partim
670 1545 837 1638 apposui:
870 1545 968 1616 Var.
994 1546 1060 1639 III,
1093 1545 1140 1616 31
1168 1537 1283 1614 Joan-

218 1689 299 1736 nem
326 1662 450 1734 uirum
478 1661 717 1756 spectabilem.
739 1657 747 1733 .’
768 1658 817 1731 ad
842 1660 924 1732 haec
943 1716 952 1735 .
974 1660 1199 1733 ,diremimus
1224 1660 1283 1733 in-

218 1780 404 1878 quirenda,
431 1792 476 1852 ut
502 1789 626 1851 cuncta
653 1802 714 1851 suo
741 1778 866 1851 ordine
892 1779 1045 1852 discussa
1071 1777 1167 1852 nobis
1190 1779 1284 1850 rela-

218 1900 321 1974 tionis
348 1898 500 1994 obsequio
527 1896 737 1980 lucidentur,
766 1908 973 1992 quatenus
999 1897 1085 1993 quid
1101 1897 1143 1970 de
1159 1897 1284 1993 sinpo-

221 2019 263 2091 lis
288 2017 389 2090 rebus
415 2028 477 2089 aut
503 2016 544 2088 rte
563 2015 893 2112 praesumptoribus
919 2040 1043 2088 earum
1064 2017 1155 2113 fleri
1179 2039 1284 2113 opor·-

220 2150 287 2210 teat
314 2191 323 2207 .
353 2191 361 2210 .
390 2157 596 2217 censeamus,
624 2138 652 2229 Ι,
680 2135 728 2207 35
754 2158 776 2204 a
804 2159 871 2230 qua
897 2134 1119 2231 (torpedine)
1146 2145 1286 2206 tantum

221 2255 444 2352 insipentiam
471 2251 616 2326 destrae
639 2264 945 2350 praeprauantur,
976 2265 1022 2325 at
1041 2277 1110 2349 per
1135 2253 1283 2334 hastam,

220 2400 289 2472 pua
312 2371 432 2470 fuerit
455 2373 658 2453 uulnerata,
693 2371 709 2443 i
714 2383 754 2442 ta
779 2396 930 2444 manum
948 2371 1176 2468 percutientis
1200 2369 1285 2468 infl-

220 2493 304 2575 aiat,
344 2502 545 2588 quatenus
582 2490 688 2563 uiuae
722 2490 931 2564 substantiae
960 2513 1050 2586 pars
1079 2489 1154 2562 sine
1183 2513 1286 2562 sensu

220 2613 334 2708 aliquo
361 2610 543 2683 immobilis
576 2610 802 2705 obstupescat,
842 2613 870 2704 I,
907 2610 967 2702 36,
998 2612 1045 2702 V,
1077 2612 1125 2681 16
1158 2614 1192 2681 et
1224 2610 1286 2700 19,

220 2734 297 2824 VII,
329 2733 390 2823 31,
421 2733 469 2822 Χ,
502 2730 547 2800 21
582 2736 617 2800 ct
649 2729 709 2820 23,
741 2731 807 2821 XI,
834 2729 869 2822 3,
895 2729 982 2822 XII,
1015 2731 1037 2800 5
1069 2736 1104 2800 et
1137 2729 1186 2799 24
1218 2749 1286 2820 ex,

221 2853 285 2941 XI,
312 2851 359 2920 11
391 2843 435 2945 (si
467 2851 545 2940 quis
576 2846 807 2918 candentium
836 2870 909 2920 non
943 2850 1160 2938 seruauerit,
1194 2868 1286 2941 qnae

221 2970 420 3062 praesentis
439 2967 545 3037 edicti
562 2973 665 3037 tenor
683 2959 885 3061 eloquiun)
909 2989 978 3060 par
1001 2964 1154 3059 sinpuios
1173 2987 1285 3036 eures-

222 3111 280 3157 sus
306 3109 365 3156 seu
380 3083 585 3155 solidorum
612 3065 778 3155 mutatam
796 3108 819 3154 a
844 3106 878 3154 se
903 3083 1044 3155 nouerit
1067 3081 1285 3178 assignandam,

221 3215 252 3276 et
281 3202 466 3299 fustuario
505 3226 607 3298 posse
645 3201 817 3273 subiacere
856 3201 1040 3296 supplicio,
1081 3210 1289 3295 quatenus

222 3347 301 3394 eum
342 3332 372 3392 et
405 3320 532 3392 damni
560 3332 670 3394 metus
701 3331 845 3400 terreat,
887 3332 918 3390 et
949 3317 1138 3415 praedicta
1175 3342 1288 3413 poena

224 3441 443 3512 uehementer
470 3438 618 3537 offlipat,
646 3442 675 3532 I,
704 3439 764 3531 21,
790 3441 852 3532 IV,
878 3441 945 3532 45,
967 3441 1012 3531 V,
1040 3440 1075 3531 9,
1102 3440 1227 3529 ΧΙΙ,4
1255 3444 1290 3508 et

225 3561 285 3650 26,
318 3559 450 3631 Chron.
481 3561 613 3653 praef.;
652 3599 693 3609 -
732 3561 827 3630 hist.
862 3561 1030 3651 tripart.
1063 3559 1116 3650 V,
1156 3558 1217 3650 17,
1244 3565 1290 3626 ut

223 3690 402 3749 euocantes
433 3688 464 3747 te
495 3700 732 3758 moneremus,
769 3687 975 3772 quatenus
1008 3674 1290 3746 communionem

223 3793 447 3868 scelestissimi
485 3793 679 3867 Athanasii
718 3852 725 3868 .
761 3852 768 3869 .
811 3796 982 3891 abnepare
1021 3817 1094 3864 non
1133 3792 1287 3888 differas,

224 3919 272 4008 X,
293 3916 339 3988 27
359 3913 454 3985 misit
481 3910 530 3985 ad
555 3912 704 3986 ciuitatis
731 3913 928 4010 episcopum
954 3935 1095 4008 repens,
1122 3923 1168 3983 ut
1194 3910 1289 3983 iube·-

226 4044 278 4105 ret
295 4033 328 4105 ci
343 4033 405 4128 qni
429 4032 611 4129 lipouerat,
641 4043 844 4126 quatenus
871 4030 944 4104 eius
968 4029 1113 4102 uincula
1139 4028 1289 4100 resolua-

225 4165 289 4234 ret,
316 4155 381 4246 IX,
400 4154 449 4224 24
474 4152 668 4223 meretrices
694 4149 733 4222 in
760 4149 807 4222 eis
837 4149 1018 4250 (tabernis)
1041 4159 1207 4245 prostare
1222 4147 1289 4244 sa-

228 4271 374 4352 ciebant,
403 4282 573 4366 quatenus
592 4294 662 4366 per
687 4292 745 4341 aas
764 4268 942 4365 plurimos
967 4267 1178 4362 deciperent,
1206 4264 1291 4338 alios
