3202 5028
721 521 975 593 ..16-

310 733 373 794 aar
398 721 521 793 norbae
546 719 699 792 sideritis
724 775 731 792 .
761 775 769 791 .
797 731 861 791 ant
886 719 1120 816 calycalariao
1140 776 1148 794 .
1172 777 1179 793 .
1200 733 1263 794 aar
1287 747 1378 795 oom-

310 840 492 952 porainac,
520 843 570 914 IV
571 895 582 934 ,
610 841 645 933 3,
674 841 720 912 52
749 850 812 911 ant
837 838 961 910 dociae
978 838 1214 935 caipcalariac
1243 841 1306 935 (pp.
1326 865 1382 913 ca·

252 982 256 990 ·
312 963 476 1050 riceriae)
524 959 582 1029 nd
622 956 881 1052 romporniaac3
920 999 962 1008 -
1000 961 1114 1030 herba
1154 962 1382 1053 calycnlaris,

313 1079 360 1149 id.
379 1080 426 1150 ib.
451 1079 495 1170 ΙΙ,
525 1078 558 1168 7,
586 1078 659 1149 102
687 1077 845 1148 ‘succum
864 1079 999 1148 herbae
1019 1080 1245 1171 calycularis‚
1274 1103 1383 1172 quam

315 1197 445 1270 Graeci
472 1193 604 1289 ἑλξίνην
632 1197 789 1287 uocant',
817 1197 878 1288 13,
905 1197 993 1288 153,
1020 1200 1111 1290 App.
1141 1199 1241 1269 herb.
1274 1194 1384 1294 (caly-

314 1318 406 1386 caris
435 1314 796 1406 0.Au1·.tard.1v,
825 1315 861 1406 3,
890 1315 963 1406 55).

390 1509 639 1610 campestrati:
679 1518 771 1605 Aug.
814 1522 926 1607 nupti.
973 1523 1008 1584 et
1052 1538 1202 1609 concup.
1243 1518 1286 1603 ΙΙ,
1334 1518 1383 1587 30

315 1633 391 1728 qais
423 1633 580 1727 ipnocac,
615 1632 676 1728 qai
706 1642 989 1727 campestrantur
1023 1636 1070 1724 (h.
1100 1657 1132 1705 e.
1159 1639 1219 1727 qui
1246 1657 1384 1726 campe·

315 1754 446 1824 stribus
461 1773 499 1823 se
514 1751 738 1844 succingant)
753 1774 839 1844 qnos
853 1742 973 1844 pactos
991 1751 1146 1846 corporis
1164 1750 1382 1848 contcpant?,

320 1913 361 1924 -
393 1877 651 1963 campestratue
664 1872 717 1940 id.
739 1878 863 1941 cantra
881 1870 969 1942 dues
989 1875 1104 1965 epistt.
1123 1874 1245 1964 Pelag.
1273 1874 1301 1964 Ι,
1321 1875 1382 1962 16,

316 1991 363 2060 32
394 1992 439 2060 al.

392 2183 614 2268 mniiintla:
656 2197 745 2283 Aug.
784 2195 821 2263 in
854 2194 981 2284 psalm.
1014 2193 1089 2263 103
1121 2215 1227 2265 serm.
1263 2195 1299 2285 3,
1334 2197 1381 2265 15

317 2305 476 2381 [dianas
508 2363 516 2380 .
550 2364 559 2381 .
591 2303 882 2408 interpretatam)
925 2308 1126 2382 candidatio
1155 2367 1162 2384 .
1197 2365 1205 2383 .
1241 2311 1382 2382 nidctnr

317 2439 434 2499 annon
472 2426 673 2499 candidatio
710 2452 776 2500 csso
811 2426 916 2500 cocali
948 2428 1071 2518 Ioniae,
1118 2428 1220 2501 modo
1264 2429 1381 2501 nitan-

314 2546 385 2620 ιιι.
410 2601 419 2620 .
442 2545 482 2618 in
506 2546 649 2642 pompis
674 2545 757 2627 raia,
798 2551 949 2620 Primae.
980 2551 1017 2619 in
1046 2551 1264 2642 apocalyps.
1293 2551 1310 2619 Ι
1337 2549 1383 2619 ad

315 2690 345 2738 c.
388 2671 407 2737 l
448 2663 522 2737 ideo
561 2668 801 2757 (aurichalco)
842 2663 977 2738 Idbani
1016 2662 1092 2765 (eos
1133 2670 1383 2760 comparauit),

315 2782 399 2878 qaia
439 2781 544 2873 docti,
583 2783 840 2879 intorpretatur
879 2784 971 2857 enini
1010 2786 1076 2876 (sc.
1105 2809 1175 2858 uox
1203 2781 1380 2882 Libanon)

315 2900 529 2980 candidatio,
565 2925 608 2973 ec
640 2904 898 2997 propemodum
932 2904 1058 2975 eadem
1086 2900 1246 2976 Cassiod.
1274 2907 1315 3004 ff)
1346 2909 1380 2975 in

316 3020 416 3092 Cant.
445 3020 481 3111 4,
510 3021 544 3092 8.

416 3323 615 3374 canceratio
637 3320 674 3387 Β,
693 3347 726 3358 -
744 3334 932 3370 cananaeae:
952 3319 1030 3376 Hier.
1047 3319 1132 3384 (?)in
1146 3335 1187 3388 pe.
1206 3319 1255 3372 133
1275 3318 1383 3388 ‘pedem

416 3420 578 3458 cancrorum
597 3410 625 3459 et
642 3405 812 3475 putridum,
837 3404 933 3462 Placit.
954 3404 994 3471 Α,
1020 3403 1106 3472 „Veg.
1124 3403 1196 3457 ιιιι1ἐι
1216 3403 1278 3456 add.
1298 3401 1383 3456 Geor·

416 3503 466 3556 gea
485 3489 619 3544 Zeitechr.
638 3491 657 3544 f.
676 3495 792 3544 oenterr.
818 3487 916 3556 Gymn.
935 3488 1003 3542 1373
1021 3505 1048 3558 p.
1065 3489 1131 3557 2623
1151 3515 1182 3526 —
1202 3488 1383 3540 annicula-

417 3578 470 3626 tus
489 3574 530 3642 A;
549 3601 582 3612 -
601 3574 741 3626 candala
759 3574 796 3628 ib.

382 3709 413 3771 3)
433 3709 573 3763 Nimirum
591 3708 812 3780 ‘interpretetur’
830 3710 990 3777 pnsniue,
1010 3713 1042 3762 ut
1060 3708 1121 3764 Ciu.
1134 3710 1168 3762 D.
1181 3706 1256 3774 XVI,
1276 3706 1291 3757 2
1310 3704 1385 3759 ‘Sem

318 3796 573 3863 ..interpretatur
590 3796 771 3860 nominatur,
791 3793 944 3860 eodemque
964 3795 1047 3846 modo
1066 3793 1142 3847 Tert.
1163 3792 1207 3845 Ad
1225 3790 1300 3842 Nati.
1318 3791 1345 3857 1,
1368 3793 1385 3844 8

317 3877 511 3932 ‘christianum
530 3895 633 3934 nomen
652 3881 686 3932 de
705 3880 836 3932 unctione
854 3879 1078 3947 interpretntnr',
1103 3878 1177 3931 Hier.
1196 3877 1225 3927 in
1244 3873 1329 3928 Abeo.
1347 3875 1383 3940 11,

317 3962 352 4014 ad
369 3964 399 4032 3,
425 3964 457 4016 11
476 3978 536 4032 sqq.
555 3963 647 4018 ‘Jeeue
666 3965 791 4018 saluator
809 3965 1032 4032 interpretatur,
1057 3966 1085 4015 et
1108 3974 1244 4031 persaepe
1269 3975 1331 4012 cum
1355 3959 1384 4011 hi

316 4053 376 4101 tum
394 4049 444 4101 elii
457 4048 532 4118 ecci,
545 4065 596 4102 nec
613 4065 671 4102 non
689 4050 739 4101 alii
756 4049 920 4102 recentioris
940 4050 1003 4101 aeui
1022 4050 1182 4117 scriptores.
1213 4045 1383 4098 Insolentiae

317 4134 430 4200 pamiae
449 4135 617 4202 imprecatus
638 4135 710 4201 Aug.
725 4149 767 4204 ep.
786 4135 829 4202 13,
848 4134 863 4185 2
882 4132 1046 4202 ‘imprecato
1066 4132 1145 4200 Deo',
1165 4131 1298 4184 admirari
1317 4130 1384 4182 Isid.

319 4220 385 4284 Syn.
412 4217 453 4286 11,
479 4218 513 4270 28
536 4217 779 4287 ‘praeexspectata
803 4234 849 4272 ree
873 4233 929 4272 non
954 4219 1124 4284 admiretur,
1150 4233 1212 4270 cnm
1235 4213 1383 4269 acciderit’.

319 4301 361 4358 31.
380 4301 457 4355 Neue
476 4303 534 4357 Lat.
553 4303 754 4359 Formenlehre
772 4305 829 4358 nol.
848 4305 884 4374 11,
903 4321 930 4374 p.
949 4303 1008 4356 217.
