<?xml version="1.0" encoding="UTF-8"?>
<!DOCTYPE html PUBLIC "-//W3C//DTD XHTML 1.0 Transitional//EN"
    "http://www.w3.org/TR/xhtml1/DTD/xhtml1-transitional.dtd">
<html xmlns="http://www.w3.org/1999/xhtml" xml:lang="en" lang="en">
 <head>
  <title>
</title>
<meta http-equiv="Content-Type" content="text/html;charset=utf-8" />
  <meta name='ocr-system' content='tesseract 3.04.00' />
  <meta name='ocr-capabilities' content='ocr_page ocr_carea ocr_par ocr_line ocrx_word'/>
</head>
<body>
  <div class='ocr_page' id='page_1' title='image "./spicilegivmadde01paucgoog_0094.png"; bbox 0 0 3202 5028; ppageno 0'>
   <div class='ocr_carea' id='block_1_1' title="bbox 621 521 874 592">
    <p class='ocr_par' dir='ltr' id='par_1_1' title="bbox 621 521 874 592">
     <span class='ocr_line' id='line_1_1' title="bbox 621 521 874 592; baseline 0.008 -20"><span class='ocrx_word' id='word_1_1' title='bbox 621 521 874 592; x_wconf 75' lang='lat'><strong>..83-</strong></span> 
     </span>
    </p>
   </div>
   <div class='ocr_carea' id='block_1_2' title="bbox 203 716 1284 1055">
    <p class='ocr_par' dir='ltr' id='par_1_2' title="bbox 203 716 1284 1055">
     <span class='ocr_line' id='line_1_2' title="bbox 288 716 1282 815; baseline -0.001 -16"><span class='ocrx_word' id='word_1_2' title='bbox 288 716 468 799; x_wconf 66' lang='lat' dir='ltr'><em>infiscare:</em></span> <span class='ocrx_word' id='word_1_3' title='bbox 497 722 675 794; x_wconf 85' lang='lat' dir='ltr'><strong>Aldhelm.</strong></span> <span class='ocrx_word' id='word_1_4' title='bbox 699 721 796 792; x_wconf 81' lang='lat' dir='ltr'><em>laud.</em></span> <span class='ocrx_word' id='word_1_5' title='bbox 818 725 970 815; x_wconf 81' lang='lat' dir='ltr'><em>uirginit.</em></span> <span class='ocrx_word' id='word_1_6' title='bbox 1000 723 1048 796; x_wconf 89' lang='grc'><em>35</em></span> <span class='ocrx_word' id='word_1_7' title='bbox 1074 749 1119 794; x_wconf 86' lang='lat' dir='ltr'><em>ne</em></span> <span class='ocrx_word' id='word_1_8' title='bbox 1144 726 1186 796; x_wconf 78' lang='lat' dir='ltr'><em>ab</em></span> <span class='ocrx_word' id='word_1_9' title='bbox 1212 725 1282 798; x_wconf 91' lang='lat' dir='ltr'><em>irn-</em></span> 
     </span>
     <span class='ocr_line' id='line_1_3' title="bbox 203 838 1284 938; baseline 0.005 -26"><span class='ocrx_word' id='word_1_10' title='bbox 203 839 429 937; x_wconf 80' lang='lat' dir='ltr'><em>perctcribus</em></span> <span class='ocrx_word' id='word_1_11' title='bbox 462 838 608 934; x_wconf 76' lang='lat' dir='ltr'><em>locuples</em></span> <span class='ocrx_word' id='word_1_12' title='bbox 635 863 813 934; x_wconf 69' lang='lat' dir='ltr'><em>perurunt</em></span> <span class='ocrx_word' id='word_1_13' title='bbox 840 840 1018 934; x_wconf 80' lang='lat' dir='ltr'><em>opulentia</em></span> <span class='ocrx_word' id='word_1_14' title='bbox 1047 896 1054 914; x_wconf 97' lang='lat'><strong>.</strong></span> <span class='ocrx_word' id='word_1_15' title='bbox 1085 898 1093 915; x_wconf 92' lang='lat'><strong>.</strong></span> <span class='ocrx_word' id='word_1_16' title='bbox 1112 842 1284 938; x_wconf 84' lang='lat' dir='ltr'><em>funditus</em></span> 
     </span>
     <span class='ocr_line' id='line_1_4' title="bbox 210 959 1115 1055; baseline 0.007 -25"><span class='ocrx_word' id='word_1_17' title='bbox 210 959 453 1055; x_wconf 74' lang='lat' dir='ltr'><em>infiscaretur:</em></span> <span class='ocrx_word' id='word_1_18' title='bbox 481 997 527 1010; x_wconf 90' lang='lat'><em>--</em></span> <span class='ocrx_word' id='word_1_19' title='bbox 556 961 752 1031; x_wconf 82' lang='lat' dir='ltr'><em>confiscare</em></span> <span class='ocrx_word' id='word_1_20' title='bbox 779 961 874 1032; x_wconf 87' lang='lat' dir='ltr'><em>Suet.</em></span> <span class='ocrx_word' id='word_1_21' title='bbox 903 961 998 1034; x_wconf 82' lang='lat' dir='ltr'><em>Tert.</em></span> <span class='ocrx_word' id='word_1_22' title='bbox 1026 961 1115 1036; x_wconf 82' lang='lat' dir='ltr'><em>tou.</em></span> 
     </span>
    </p>
   </div>
   <div class='ocr_carea' id='block_1_3' title="bbox 207 1189 1280 1411">
    <p class='ocr_par' dir='ltr' id='par_1_3' title="bbox 207 1189 1280 1411">
     <span class='ocr_line' id='line_1_5' title="bbox 286 1189 1279 1293; baseline -0.002 -21"><span class='ocrx_word' id='word_1_23' title='bbox 286 1189 541 1293; x_wconf 68' lang='lat' dir='ltr'><em>infrequenter:</em></span> <span class='ocrx_word' id='word_1_24' title='bbox 583 1198 707 1268; x_wconf 89' lang='lat' dir='ltr'><em>Ambr.</em></span> <span class='ocrx_word' id='word_1_25' title='bbox 744 1218 799 1288; x_wconf 89' lang='lat' dir='ltr'><em>ep.</em></span> <span class='ocrx_word' id='word_1_26' title='bbox 833 1196 950 1289; x_wconf 83' lang='lat' dir='ltr'><strong>(dub.)</strong></span> <span class='ocrx_word' id='word_1_27' title='bbox 979 1199 1027 1271; x_wconf 83' lang='lat'><em>55</em></span> <span class='ocrx_word' id='word_1_28' title='bbox 1051 1197 1279 1292; x_wconf 73' lang='lat' dir='ltr'><strong>(thesaurus)</strong></span> 
     </span>
     <span class='ocr_line' id='line_1_6' title="bbox 207 1310 1280 1411; baseline 0.003 -27"><span class='ocrx_word' id='word_1_29' title='bbox 207 1310 407 1386; x_wconf 73' lang='lat' dir='ltr'><strong><em>habentibus</em></strong></span> <span class='ocrx_word' id='word_1_30' title='bbox 448 1338 521 1386; x_wconf 89' lang='lat' dir='ltr'><em>non</em></span> <span class='ocrx_word' id='word_1_31' title='bbox 569 1312 812 1411; x_wconf 76' lang='lat' dir='ltr'><em>infrequenter</em></span> <span class='ocrx_word' id='word_1_32' title='bbox 844 1315 1064 1410; x_wconf 82' lang='lat' dir='ltr'><em>perniciosus</em></span> <span class='ocrx_word' id='word_1_33' title='bbox 1071 1343 1083 1396; x_wconf 89' lang='lat'><em>;</em></span> <span class='ocrx_word' id='word_1_34' title='bbox 1124 1339 1280 1409; x_wconf 85' lang='lat' dir='ltr'><em>comper.</em></span> 
     </span>
    </p>
   </div>
   <div class='ocr_carea' id='block_1_4' title="bbox 214 1430 1196 1530">
    <p class='ocr_par' dir='ltr' id='par_1_4' title="bbox 214 1430 1196 1530">
     <span class='ocr_line' id='line_1_7' title="bbox 214 1430 1196 1530; baseline 0.002 -26"><span class='ocrx_word' id='word_1_35' title='bbox 214 1435 362 1529; x_wconf 63' lang='grc' dir='ltr'><em>πΒοθῦι.</em></span> <span class='ocrx_word' id='word_1_36' title='bbox 391 1436 428 1504; x_wconf 93' lang='lat' dir='ltr'><em>in</em></span> <span class='ocrx_word' id='word_1_37' title='bbox 456 1437 563 1508; x_wconf 82' lang='lat' dir='ltr'><em>Arist.</em></span> <span class='ocrx_word' id='word_1_38' title='bbox 592 1433 635 1504; x_wconf 89' lang='lat' dir='ltr'><em>de</em></span> <span class='ocrx_word' id='word_1_39' title='bbox 662 1437 809 1528; x_wconf 84' lang='lat' dir='ltr'><em>interpr.</em></span> <span class='ocrx_word' id='word_1_40' title='bbox 839 1435 894 1506; x_wconf 91' lang='lat' dir='ltr'><em>ed.</em></span> <span class='ocrx_word' id='word_1_41' title='bbox 923 1457 994 1507; x_wconf 88' lang='lat' dir='ltr'><em>sec.</em></span> <span class='ocrx_word' id='word_1_42' title='bbox 1021 1459 1056 1530; x_wconf 92' lang='lat' dir='ltr'><em>p.</em></span> <span class='ocrx_word' id='word_1_43' title='bbox 1086 1430 1196 1506; x_wconf 79' lang='lat'><strong>378“.</strong></span> 
     </span>
    </p>
   </div>
   <div class='ocr_carea' id='block_1_5' title="bbox 157 1661 1338 3040">
    <p class='ocr_par' dir='ltr' id='par_1_5' title="bbox 157 1661 1338 3040">
     <span class='ocr_line' id='line_1_8' title="bbox 157 1661 1280 1760; baseline -0.003 -16"><span class='ocrx_word' id='word_1_44' title='bbox 157 1687 173 1756; x_wconf 62' lang='grc' dir='ltr'>ᾗ</span> <span class='ocrx_word' id='word_1_45' title='bbox 287 1661 543 1747; x_wconf 68' lang='lat' dir='ltr'><em>infructiferus:</em></span> <span class='ocrx_word' id='word_1_46' title='bbox 584 1672 641 1740; x_wconf 91' lang='lat' dir='ltr'><em>Ps.</em></span> <span class='ocrx_word' id='word_1_47' title='bbox 662 1672 754 1760; x_wconf 82' lang='lat' dir='ltr'><em>Aug.</em></span> <span class='ocrx_word' id='word_1_48' title='bbox 783 1667 830 1739; x_wconf 87' lang='lat' dir='ltr'><em>ed</em></span> <span class='ocrx_word' id='word_1_49' title='bbox 855 1671 975 1741; x_wconf 87' lang='lat' dir='ltr'><em>fratrr.</em></span> <span class='ocrx_word' id='word_1_50' title='bbox 1004 1693 1112 1742; x_wconf 88' lang='lat' dir='ltr'><em>erem.</em></span> <span class='ocrx_word' id='word_1_51' title='bbox 1132 1671 1280 1742; x_wconf 84' lang='lat' dir='ltr'><em>serm.3</em></span> 
     </span>
     <span class='ocr_line' id='line_1_9' title="bbox 206 1777 1280 1884; baseline 0.001 -27"><span class='ocrx_word' id='word_1_52' title='bbox 206 1810 288 1858; x_wconf 87' lang='lat' dir='ltr'><em>uere</em></span> <span class='ocrx_word' id='word_1_53' title='bbox 313 1777 561 1884; x_wconf 73' lang='lat' dir='ltr'><em>infructiferus</em></span> <span class='ocrx_word' id='word_1_54' title='bbox 579 1810 621 1868; x_wconf 86' lang='lat' dir='ltr'><em>es,</em></span> <span class='ocrx_word' id='word_1_55' title='bbox 650 1798 681 1856; x_wconf 91' lang='lat' dir='ltr'><em>et</em></span> <span class='ocrx_word' id='word_1_56' title='bbox 705 1784 950 1883; x_wconf 83' lang='lat' dir='ltr'><em>infructiferos</em></span> <span class='ocrx_word' id='word_1_57' title='bbox 967 1787 1055 1879; x_wconf 69' lang='lat' dir='ltr'><em>facis</em></span> <span class='ocrx_word' id='word_1_58' title='bbox 1081 1787 1143 1884; x_wconf 84' lang='lat' dir='ltr'><em>qui</em></span> <span class='ocrx_word' id='word_1_59' title='bbox 1163 1799 1195 1858; x_wconf 93' lang='lat' dir='ltr'><em>te</em></span> <span class='ocrx_word' id='word_1_60' title='bbox 1212 1812 1280 1858; x_wconf 90' lang='lat' dir='ltr'><em>cu-</em></span> 
     </span>
     <span class='ocr_line' id='line_1_10' title="bbox 209 1903 1282 1998; baseline 0 -22"><span class='ocrx_word' id='word_1_61' title='bbox 209 1904 323 1976; x_wconf 82' lang='lat' dir='ltr'><em>diuut.</em></span> <span class='ocrx_word' id='word_1_62' title='bbox 378 1907 430 1979; x_wconf 83' lang='lat' dir='ltr'><em>cf.</em></span> <span class='ocrx_word' id='word_1_63' title='bbox 459 1929 565 1980; x_wconf 85' lang='lat' dir='ltr'><em>serm.</em></span> <span class='ocrx_word' id='word_1_64' title='bbox 595 1906 643 1978; x_wconf 79' lang='lat'><em>18</em></span> <span class='ocrx_word' id='word_1_65' title='bbox 663 1903 696 1978; x_wconf 82' lang='lat'><em>‘0</em></span> <span class='ocrx_word' id='word_1_66' title='bbox 715 1910 848 1976; x_wconf 86' lang='lat' dir='ltr'><em>uermis</em></span> <span class='ocrx_word' id='word_1_67' title='bbox 867 1908 1071 1998; x_wconf 66' lang='lat' dir='ltr'><em>mortifere,</em></span> <span class='ocrx_word' id='word_1_68' title='bbox 1099 1907 1147 1978; x_wconf 89' lang='grc'><em>33</em></span> <span class='ocrx_word' id='word_1_69' title='bbox 1167 1905 1282 1978; x_wconf 82' lang='lat' dir='ltr'><em>‘emor</em></span> 
     </span>
     <span class='ocr_line' id='line_1_11' title="bbox 206 2025 1278 2119; baseline -0.003 -23"><span class='ocrx_word' id='word_1_70' title='bbox 206 2027 440 2117; x_wconf 83' lang='lat' dir='ltr'><em>mortiferus&#39;,</em></span> <span class='ocrx_word' id='word_1_71' title='bbox 480 2029 549 2096; x_wconf 89' lang='lat' dir='ltr'><em>hcc</em></span> <span class='ocrx_word' id='word_1_72' title='bbox 581 2025 727 2117; x_wconf 90' lang='lat' dir='ltr'><em>quidem</em></span> <span class='ocrx_word' id='word_1_73' title='bbox 763 2025 977 2111; x_wconf 83' lang='lat' dir='ltr'><em>(mortiferus</em></span> <span class='ocrx_word' id='word_1_74' title='bbox 1008 2048 1073 2119; x_wconf 91' lang='lat' dir='ltr'><em>pro</em></span> <span class='ocrx_word' id='word_1_75' title='bbox 1106 2025 1278 2114; x_wconf 81' lang='lat' dir='ltr'><em>mortifer)</em></span> 
     </span>
     <span class='ocr_line' id='line_1_12' title="bbox 206 2141 1282 2238; baseline 0 -26"><span class='ocrx_word' id='word_1_76' title='bbox 206 2147 386 2235; x_wconf 83' lang='lat' dir='ltr'><em>praeitore</em></span> <span class='ocrx_word' id='word_1_77' title='bbox 429 2146 545 2216; x_wconf 85' lang='lat' dir='ltr'><em>Celso.</em></span> <span class='ocrx_word' id='word_1_78' title='bbox 613 2144 780 2216; x_wconf 81' lang='lat' dir='ltr'><em>Ceterum</em></span> <span class='ocrx_word' id='word_1_79' title='bbox 827 2141 1066 2238; x_wconf 76' lang='lat' dir='ltr'><em>„infructifer“</em></span> <span class='ocrx_word' id='word_1_80' title='bbox 1115 2145 1282 2215; x_wconf 84' lang='lat' dir='ltr'><em>exhibent</em></span> 
     </span>
     <span class='ocr_line' id='line_1_13' title="bbox 205 2260 1338 2353; baseline 0 -21"><span class='ocrx_word' id='word_1_81' title='bbox 205 2263 310 2332; x_wconf 81' lang='lat' dir='ltr'>Klotz</span> <span class='ocrx_word' id='word_1_82' title='bbox 338 2269 372 2332; x_wconf 88' lang='lat' dir='ltr'><em>et</em></span> <span class='ocrx_word' id='word_1_83' title='bbox 397 2264 532 2334; x_wconf 85' lang='lat' dir='ltr'><em>De·Vit</em></span> <span class='ocrx_word' id='word_1_84' title='bbox 550 2284 594 2332; x_wconf 86' lang='lat' dir='ltr'><em>ex</em></span> <span class='ocrx_word' id='word_1_85' title='bbox 618 2265 728 2334; x_wconf 83' lang='lat' dir='ltr'><em>inser.</em></span> <span class='ocrx_word' id='word_1_86' title='bbox 752 2263 918 2353; x_wconf 84' lang='lat' dir='ltr'><em>(arbores</em></span> <span class='ocrx_word' id='word_1_87' title='bbox 938 2315 946 2333; x_wconf 92' lang='lat'><strong>.</strong></span> <span class='ocrx_word' id='word_1_88' title='bbox 970 2316 978 2332; x_wconf 89' lang='lat'><strong>.</strong></span> <span class='ocrx_word' id='word_1_89' title='bbox 1006 2260 1279 2352; x_wconf 80' lang='lat' dir='ltr'><em>infructiferae),</em></span> <span class='ocrx_word' id='word_1_90' title='bbox 1333 2311 1338 2318; x_wconf 88' lang='lat'>-</span> 
     </span>
     <span class='ocr_line' id='line_1_14' title="bbox 206 2379 1279 2472; baseline -0.002 -20"><span class='ocrx_word' id='word_1_91' title='bbox 206 2380 267 2452; x_wconf 86' lang='lat' dir='ltr'><em>On</em></span> <span class='ocrx_word' id='word_1_92' title='bbox 293 2383 400 2451; x_wconf 84' lang='lat' dir='ltr'><em>Beitr.</em></span> <span class='ocrx_word' id='word_1_93' title='bbox 428 2405 459 2450; x_wconf 85' lang='lat' dir='ltr'><em>n.</em></span> <span class='ocrx_word' id='word_1_94' title='bbox 486 2383 550 2451; x_wconf 85' lang='lat' dir='ltr'><em>lat.</em></span> <span class='ocrx_word' id='word_1_95' title='bbox 569 2383 753 2472; x_wconf 84' lang='lat' dir='ltr'><em>Lexicogr.</em></span> <span class='ocrx_word' id='word_1_96' title='bbox 777 2382 820 2471; x_wconf 80' lang='grc' dir='ltr'><em>ΙΙ,</em></span> <span class='ocrx_word' id='word_1_97' title='bbox 847 2403 882 2472; x_wconf 91' lang='lat' dir='ltr'><em>p.</em></span> <span class='ocrx_word' id='word_1_98' title='bbox 913 2382 933 2450; x_wconf 88' lang='grc'>2</span> <span class='ocrx_word' id='word_1_99' title='bbox 963 2402 981 2451; x_wconf 85' lang='lat' dir='ltr'><em>e</em></span> <span class='ocrx_word' id='word_1_100' title='bbox 1008 2383 1103 2451; x_wconf 89' lang='lat' dir='ltr'><em>Don.</em></span> <span class='ocrx_word' id='word_1_101' title='bbox 1132 2380 1179 2450; x_wconf 85' lang='lat' dir='ltr'><em>ad</em></span> <span class='ocrx_word' id='word_1_102' title='bbox 1197 2379 1279 2450; x_wconf 85' lang='lat' dir='ltr'><em>Ter.</em></span> 
     </span>
     <span class='ocr_line' id='line_1_15' title="bbox 209 2492 1279 2593; baseline -0.004 -23"><span class='ocrx_word' id='word_1_103' title='bbox 209 2498 277 2590; x_wconf 85' lang='lat' dir='ltr'><em>(ep.</em></span> <span class='ocrx_word' id='word_1_104' title='bbox 306 2521 412 2590; x_wconf 90' lang='lat' dir='ltr'><em>quem</em></span> <span class='ocrx_word' id='word_1_105' title='bbox 432 2501 480 2570; x_wconf 84' lang='lat' dir='ltr'><em>sit</em></span> <span class='ocrx_word' id='word_1_106' title='bbox 497 2501 585 2590; x_wconf 86' lang='lat' dir='ltr'><em>legi:</em></span> <span class='ocrx_word' id='word_1_107' title='bbox 613 2501 709 2570; x_wconf 80' lang='lat' dir='ltr'><strong>salsa</strong></span> <span class='ocrx_word' id='word_1_108' title='bbox 728 2505 763 2568; x_wconf 88' lang='lat' dir='ltr'><em>et</em></span> <span class='ocrx_word' id='word_1_109' title='bbox 780 2492 1039 2593; x_wconf 76' lang='lat' dir='ltr'><em>infructifera)3</em></span> <span class='ocrx_word' id='word_1_110' title='bbox 1069 2498 1150 2568; x_wconf 81' lang='lat' dir='ltr'><em>edd.</em></span> <span class='ocrx_word' id='word_1_111' title='bbox 1178 2499 1279 2568; x_wconf 84' lang='lat' dir='ltr'><em>Eust.</em></span> 
     </span>
     <span class='ocr_line' id='line_1_16' title="bbox 205 2615 1281 2706; baseline -0.003 -20"><span class='ocrx_word' id='word_1_112' title='bbox 205 2618 380 2687; x_wconf 83' lang='lat' dir='ltr'><em>Hexeem.</em></span> <span class='ocrx_word' id='word_1_113' title='bbox 407 2618 451 2706; x_wconf 82' lang='grc' dir='ltr'><em>ΙΙ,</em></span> <span class='ocrx_word' id='word_1_114' title='bbox 479 2618 499 2686; x_wconf 93' lang='grc'>1</span> <span class='ocrx_word' id='word_1_115' title='bbox 529 2615 711 2688; x_wconf 82' lang='lat' dir='ltr'><em>‘arborum</em></span> <span class='ocrx_word' id='word_1_116' title='bbox 737 2619 1001 2687; x_wconf 83' lang='lat' dir='ltr'><em>fructiferarum</em></span> <span class='ocrx_word' id='word_1_117' title='bbox 1033 2617 1092 2686; x_wconf 90' lang='lat' dir='ltr'><em>uel</em></span> <span class='ocrx_word' id='word_1_118' title='bbox 1124 2616 1281 2686; x_wconf 86' lang='lat' dir='ltr'><em>infructi-</em></span> 
     </span>
     <span class='ocr_line' id='line_1_17' title="bbox 205 2734 1280 2828; baseline -0.001 -25"><span class='ocrx_word' id='word_1_119' title='bbox 205 2735 373 2805; x_wconf 82' lang='lat' dir='ltr'><em>ferarum’</em></span> <span class='ocrx_word' id='word_1_120' title='bbox 410 2736 505 2825; x_wconf 88' lang='lat' dir='ltr'><strong>(cod.</strong></span> <span class='ocrx_word' id='word_1_121' title='bbox 542 2734 642 2806; x_wconf 81' lang='lat' dir='ltr'><strong>colb.</strong></span> <span class='ocrx_word' id='word_1_122' title='bbox 675 2734 737 2827; x_wconf 78' lang='grc' dir='ltr'>ΙΙ),</span> <span class='ocrx_word' id='word_1_123' title='bbox 769 2773 809 2783; x_wconf 93' lang='grc'>-</span> <span class='ocrx_word' id='word_1_124' title='bbox 842 2737 969 2828; x_wconf 84' lang='lat' dir='ltr'><em>quibus</em></span> <span class='ocrx_word' id='word_1_125' title='bbox 1003 2755 1023 2805; x_wconf 93' lang='lat' dir='ltr'><em>e</em></span> <span class='ocrx_word' id='word_1_126' title='bbox 1055 2735 1161 2824; x_wconf 79' lang='lat' dir='ltr'><em>locis,</em></span> <span class='ocrx_word' id='word_1_127' title='bbox 1200 2738 1280 2802; x_wconf 82' lang='lat' dir='ltr'><em>utre</em></span> 
     </span>
     <span class='ocr_line' id='line_1_18' title="bbox 206 2852 1279 2945; baseline -0.001 -24"><span class='ocrx_word' id='word_1_128' title='bbox 206 2854 311 2922; x_wconf 86' lang='lat' dir='ltr'><em>fuerit</em></span> <span class='ocrx_word' id='word_1_129' title='bbox 345 2854 555 2924; x_wconf 84' lang='lat' dir='ltr'><em>nominatiuf</em></span> <span class='ocrx_word' id='word_1_130' title='bbox 593 2856 683 2945; x_wconf 84' lang='lat' dir='ltr'><em>sing.</em></span> <span class='ocrx_word' id='word_1_131' title='bbox 716 2875 827 2925; x_wconf 83' lang='lat' dir='ltr'><em>manc.</em></span> <span class='ocrx_word' id='word_1_132' title='bbox 865 2858 1000 2944; x_wconf 80' lang='lat' dir='ltr'><em>forma,</em></span> <span class='ocrx_word' id='word_1_133' title='bbox 1035 2873 1109 2923; x_wconf 86' lang='lat' dir='ltr'><em>nun</em></span> <span class='ocrx_word' id='word_1_134' title='bbox 1143 2852 1279 2945; x_wconf 87' lang='lat' dir='ltr'><em>perspi·</em></span> 
     </span>
     <span class='ocr_line' id='line_1_19' title="bbox 210 2971 395 3040; baseline 0.011 -2"><span class='ocrx_word' id='word_1_135' title='bbox 210 2971 311 3040; x_wconf 88' lang='lat' dir='ltr'><em>citur.</em></span> <span class='ocrx_word' id='word_1_136' title='bbox 391 3019 395 3028; x_wconf 76' lang='lat'><em>,</em></span> 
     </span>
    </p>
   </div>
   <div class='ocr_carea' id='block_1_6' title="bbox 204 3198 1279 3421">
    <p class='ocr_par' dir='ltr' id='par_1_6' title="bbox 204 3198 1279 3421">
     <span class='ocr_line' id='line_1_20' title="bbox 282 3198 1279 3300; baseline -0.004 -18"><span class='ocrx_word' id='word_1_137' title='bbox 282 3198 463 3281; x_wconf 62' lang='lat' dir='ltr'><em>infrunite:</em></span> <span class='ocrx_word' id='word_1_138' title='bbox 493 3203 637 3296; x_wconf 75' lang='lat' dir='ltr'><em>[Hiler]</em></span> <span class='ocrx_word' id='word_1_139' title='bbox 668 3227 774 3275; x_wconf 86' lang='lat' dir='ltr'><em>anon.</em></span> <span class='ocrx_word' id='word_1_140' title='bbox 805 3209 838 3274; x_wconf 87' lang='lat' dir='ltr'><em>in</em></span> <span class='ocrx_word' id='word_1_141' title='bbox 866 3208 934 3278; x_wconf 87' lang='lat' dir='ltr'><em>Job</em></span> <span class='ocrx_word' id='word_1_142' title='bbox 960 3209 1009 3278; x_wconf 91' lang='lat' dir='ltr'><em>III</em></span> <span class='ocrx_word' id='word_1_143' title='bbox 1035 3231 1070 3300; x_wconf 90' lang='lat' dir='ltr'><em>p.</em></span> <span class='ocrx_word' id='word_1_144' title='bbox 1100 3209 1174 3279; x_wconf 83' lang='lat'><em>220</em></span> <span class='ocrx_word' id='word_1_145' title='bbox 1200 3232 1279 3278; x_wconf 87' lang='lat' dir='ltr'><em>curn</em></span> 
     </span>
     <span class='ocr_line' id='line_1_21' title="bbox 204 3321 1276 3421; baseline 0.006 -29"><span class='ocrx_word' id='word_1_146' title='bbox 204 3321 381 3403; x_wconf 75' lang='lat' dir='ltr'><em>infrunite</em></span> <span class='ocrx_word' id='word_1_147' title='bbox 407 3321 705 3393; x_wconf 82' lang='lat' dir='ltr'><em>munducuucriut</em></span> <span class='ocrx_word' id='word_1_148' title='bbox 726 3322 783 3393; x_wconf 86' lang='lat' dir='ltr'><em>uel</em></span> <span class='ocrx_word' id='word_1_149' title='bbox 807 3322 963 3404; x_wconf 83' lang='lat' dir='ltr'><em>biberint,</em></span> <span class='ocrx_word' id='word_1_150' title='bbox 985 3378 1023 3396; x_wconf 94' lang='lat'><em>..</em></span> <span class='ocrx_word' id='word_1_151' title='bbox 1051 3335 1083 3395; x_wconf 93' lang='lat' dir='ltr'><em>et</em></span> <span class='ocrx_word' id='word_1_152' title='bbox 1111 3321 1276 3421; x_wconf 85' lang='lat' dir='ltr'><em>(uiscera)</em></span> 
     </span>
    </p>
   </div>
   <div class='ocr_carea' id='block_1_7' title="bbox 204 3438 1279 4008">
    <p class='ocr_par' dir='ltr' id='par_1_7' title="bbox 204 3438 1279 4008">
     <span class='ocr_line' id='line_1_22' title="bbox 204 3438 1279 3535; baseline 0.005 -25"><span class='ocrx_word' id='word_1_153' title='bbox 204 3438 425 3512; x_wconf 73' lang='lat' dir='ltr'><em>induerem</em></span> <span class='ocrx_word' id='word_1_154' title='bbox 455 3450 556 3534; x_wconf 85' lang='lat' dir='ltr'><em>utque</em></span> <span class='ocrx_word' id='word_1_155' title='bbox 585 3438 626 3509; x_wconf 89' lang='lat' dir='ltr'><em>in</em></span> <span class='ocrx_word' id='word_1_156' title='bbox 655 3438 901 3535; x_wconf 82' lang='lat' dir='ltr'><em>infirmitatem</em></span> <span class='ocrx_word' id='word_1_157' title='bbox 933 3440 1070 3523; x_wconf 78' lang='lat' dir='ltr'><em>fuerint</em></span> <span class='ocrx_word' id='word_1_158' title='bbox 1100 3466 1279 3530; x_wconf 85' lang='lat' dir='ltr'><em>conuersa,</em></span> 
     </span>
     <span class='ocr_line' id='line_1_23' title="bbox 207 3555 1279 3656; baseline 0.003 -26"><span class='ocrx_word' id='word_1_159' title='bbox 207 3613 216 3630; x_wconf 84' lang='lat'><strong>.</strong></span> <span class='ocrx_word' id='word_1_160' title='bbox 245 3613 253 3631; x_wconf 98' lang='lat'><strong>.</strong></span> <span class='ocrx_word' id='word_1_161' title='bbox 280 3571 364 3630; x_wconf 94' lang='lat' dir='ltr'><em>tunc</em></span> <span class='ocrx_word' id='word_1_162' title='bbox 388 3556 566 3630; x_wconf 84' lang='lat' dir='ltr'><em>nimirum</em></span> <span class='ocrx_word' id='word_1_163' title='bbox 583 3555 704 3629; x_wconf 81' lang='lat' dir='ltr'><em>dicunt</em></span> <span class='ocrx_word' id='word_1_164' title='bbox 724 3557 940 3653; x_wconf 75' lang='lat' dir='ltr'><em>insipienter,</em></span> <span class='ocrx_word' id='word_1_165' title='bbox 968 3559 1060 3656; x_wconf 80' lang='lat' dir='ltr'><em>quod</em></span> <span class='ocrx_word' id='word_1_166' title='bbox 1075 3561 1279 3656; x_wconf 80' lang='lat' dir='ltr'><em>succinctus</em></span> 
     </span>
     <span class='ocr_line' id='line_1_24' title="bbox 205 3676 1278 3772; baseline 0.003 -23"><span class='ocrx_word' id='word_1_167' title='bbox 205 3677 249 3749; x_wconf 86' lang='lat' dir='ltr'><em>sit</em></span> <span class='ocrx_word' id='word_1_168' title='bbox 275 3676 429 3772; x_wconf 78' lang='lat' dir='ltr'><em>quilibet;</em></span> <span class='ocrx_word' id='word_1_169' title='bbox 457 3715 504 3730; x_wconf 88' lang='lat'><em>--</em></span> <span class='ocrx_word' id='word_1_170' title='bbox 533 3680 722 3750; x_wconf 86' lang='lat' dir='ltr'><em>infrunitus</em></span> <span class='ocrx_word' id='word_1_171' title='bbox 750 3682 847 3771; x_wconf 81' lang='lat' dir='ltr'><em>Sen,</em></span> <span class='ocrx_word' id='word_1_172' title='bbox 873 3682 1003 3772; x_wconf 66' lang='lat' dir='ltr'><em>Mace,</em></span> <span class='ocrx_word' id='word_1_173' title='bbox 1031 3682 1136 3772; x_wconf 87' lang='lat' dir='ltr'><em>Vulg.</em></span> <span class='ocrx_word' id='word_1_174' title='bbox 1165 3683 1278 3752; x_wconf 79' lang='lat' dir='ltr'><em>Siren.</em></span> 
     </span>
     <span class='ocr_line' id='line_1_25' title="bbox 207 3797 1279 3890; baseline 0.001 -24"><span class='ocrx_word' id='word_1_175' title='bbox 207 3797 286 3888; x_wconf 72' lang='lat'><strong>(31,</strong></span> <span class='ocrx_word' id='word_1_176' title='bbox 332 3797 396 3866; x_wconf 82' lang='lat'><em>23:</em></span> <span class='ocrx_word' id='word_1_177' title='bbox 448 3797 595 3870; x_wconf 83' lang='lat' dir='ltr'><em>cholera</em></span> <span class='ocrx_word' id='word_1_178' title='bbox 639 3805 673 3869; x_wconf 84' lang='lat' dir='ltr'><em>et</em></span> <span class='ocrx_word' id='word_1_179' title='bbox 707 3803 845 3868; x_wconf 81' lang='lat' dir='ltr'><em>tortura</em></span> <span class='ocrx_word' id='word_1_180' title='bbox 886 3802 964 3869; x_wconf 88' lang='lat' dir='ltr'><em>uiro</em></span> <span class='ocrx_word' id='word_1_181' title='bbox 1007 3800 1199 3890; x_wconf 79' lang='lat' dir='ltr'><em>infrunito,</em></span> <span class='ocrx_word' id='word_1_182' title='bbox 1243 3806 1279 3867; x_wconf 88' lang='lat' dir='ltr'><em>et</em></span> 
     </span>
     <span class='ocr_line' id='line_1_26' title="bbox 209 3915 351 4008; baseline -0.014 -22"><span class='ocrx_word' id='word_1_183' title='bbox 209 3915 268 4008; x_wconf 82' lang='lat'><em>23,</em></span> <span class='ocrx_word' id='word_1_184' title='bbox 297 3917 351 4002; x_wconf 88' lang='grc'><em>6).</em></span> 
     </span>
    </p>
   </div>
   <div class='ocr_carea' id='block_1_8' title="bbox 0 0 1606 5028">
    <p class='ocr_par' dir='ltr' id='par_1_8' title="bbox 0 0 1606 5028">
     <span class='ocr_line' id='line_1_27' title="bbox 0 0 1606 5028; baseline 0 0"><span class='ocrx_word' id='word_1_185' title='bbox 0 0 1606 5028; x_wconf 95' lang='lat' dir='ltr'><em> </em></span> 
     </span>
    </p>
   </div>
  </div>
 </body>
</html>
