3202 5028
738 523 993 594 -78-

409 721 681 796 increabilis:
709 725 800 794 Mar.
818 725 929 794 Mero.
957 743 1063 794 serm.
1091 722 1169 814 1‚r
1197 745 1270 792 non
1290 745 1399 817 pepe-

332 842 383 915 rit
408 853 574 915 creatura
600 865 691 921 euno,
719 840 780 935 qui
804 850 851 912 est
875 839 1071 934 increotriis
1097 839 1281 934 (creabilis
1305 845 1399 935 App.

332 964 443 1055 Asci,
471 965 577 1055 Aug.,
605 961 813 1047 Gaudent).

409 1159 626 1260 intromitti:
668 1162 827 1235 Cassiod.
854 1164 893 1232 iu
919 1183 971 1253 pa.
1001 1162 1094 1253 140,
1127 1164 1149 1232 6
1176 1159 1237 1232 uir
1262 1170 1401 1232 sonans

332 1304 405 1352 non
431 1281 471 1352 in
497 1283 556 1351 iro
582 1278 744 1374 corripit,
778 1277 838 1350 sed
861 1303 931 1373 per
958 1279 1174 1351 dilectionem
1198 1278 1402 1373 increpator

332 1397 474 1478 accedit,
502 1401 608 1491 gloss.
638 1402 914 1492 [increpatorius
940 1399 1044 1485 Sia).

412 1592 638 1695 i'ncttmtndla
664 1606 778 1671 neuin.
805 1602 872 1692 pl.:
913 1599 1000 1670 Fab.
1030 1598 1155 1669 Claud.
1184 1599 1292 1672 (iord.
1320 1601 1401 1670 Ful·

333 1726 428 1810 gent.
457 1725 525 1789 aet.
553 1719 675 1792 mund.
699 1721 752 1790 XI
776 1723 825 1790 in.
853 1740 923 1789 ecce
944 1739 1106 1811 paruum
1131 1715 1247 1787 adhuc
1272 1739 1315 1787 en
1340 1715 1399 1787 in-

333 1834 535 1931 crepundiis
552 1832 674 1908 Rorno
691 1835 837 1931 subripit
857 1835 1032 1916 uerticem,
1062 1875 1109 1890 -
1136 1858 1202 1929 pro
1230 1844 1399 1908 consueto

333 1956 539 2048 crepundia.

411 2133 602 2217 incultam:
631 2165 746 2235 comp.
774 2143 865 2232 Aug.
894 2163 924 2211 a.
943 2143 1012 2211 Jul.
1033 2141 1077 2231 V,
1095 2142 1157 2232 16,
1178 2140 1225 2211 63
1244 2136 1356 2210 audi.
1377 2190 1398 2218 .,

335 2256 427 2352 quod
444 2282 566 2330 eorunt
587 2259 738 2332 sensibus
764 2258 972 2330 inculcatius
998 2258 1191 2340 intimetur,
1220 2280 1303 2351 quos
1318 2257 1399 2353 fol-

333 2376 402 2448 lere
427 2376 575 2472 affectus.

410 2564 719 2636 indecernere:
761 2565 895 2656 Gargil.
924 2565 1028 2634 Mart.
1056 2561 1145 2656 (seo.
1173 2565 1236 2650 ΙΙΙ)
1264 2567 1320 2635 De
1349 2587 1402 2634 ar-

334 2683 450 2753 borib.
477 2687 600 2775 pomis.
628 2685 672 2777 4,
704 2687 725 2755 1
758 2684 975 2774 (Columella
1004 2737 1011 2754 .
1042 2738 1049 2753 .
1081 2683 1360 2753 indifferenter.
1390 2734 1399 2753 .

333 2805 546 2872 sententiam
572 2806 703 2894 promit
731 2856 739 2871 .
772 2855 779 2871 .
808 2805 963 2872 affirmat
994 2824 1016 2871 a
1046 2803 1244 2874 Nouembri
1276 2822 1400 2871 mense

332 2940 397 3008 per
437 2926 545 2990 totam
587 2922 741 2991 hiemem
777 2924 848 2990 seri
884 2941 989 3011 possa
1024 2941 1072 2991 so.
1109 2923 1314 3005 castaneas)
1348 2973 1356 2988 .
1391 2973 1399 2990 .

333 3032 453 3106 Julius
480 3035 620 3108 Atticus
653 3060 696 3107 ecc
722 3034 920 3107 Nouembri
949 3038 989 3106 in
1022 3034 1262 3107 Februarium
1288 3059 1401 3106 serere

332 3151 535 3227 indccreuit.
588 3159 799 3250 Exemplum
828 3158 931 3230 uerbi
958 3158 1144 3248 compositi
1171 3177 1252 3225 oum
1278 3157 1400 3247 inde,

333 3273 427 3364 quod
459 3278 764 3368 praepositionum
795 3278 833 3345 in
868 3277 1123 3367 compositione
1160 3297 1241 3344 cum
1281 3276 1400 3344 uerbis

332 3394 568 3483 copulationis
595 3415 706 3486 genus
737 3395 897 3465 nondum
927 3399 1088 3464 notatum
1123 3399 1175 3463 est
1208 3397 1245 3463 in
1277 3399 1398 3463 nostro

332 3509 524 3582 ‘breuiario
566 3514 757 3583 uerborum
796 3513 1242 3606 bipraepositionatorum',
1283 3533 1399 3603 neque

330 3631 367 3697 in
398 3631 475 3720 ipso
509 3629 597 3720 (uid.
631 3654 714 3702 ann.
748 3634 808 3723 4),
840 3655 956 3725 neque
988 3635 1023 3702 iu
1057 3632 1295 3724 appendicula
1327 3631 1397 3722 (in:

331 3749 481 3817 Zusatne
520 3771 565 3818 nu
598 3746 717 3819 ‘Beitm
758 3775 789 3822 z.
830 3752 890 3821 lat.
926 3754 1109 3841 Lexicogr.
1152 3743 1227 3820 eto?
1284 3751 1398 3840 Dorp.

332 3864 445 3957 1873,
470 3889 505 3958 p.
536 3866 589 3959 2).

331 4079 584 4090 -n-——n--n-a

432 4212 747 4270 incunctabundusA
766 4235 792 4287 p.
812 4217 871 4287 20⁹3
891 4245 923 4257 -
942 4217 1132 4272 incuruitus
1150 4223 1191 4290 Δ,
1211 4251 1244 4261 -
1261 4221 1398 4275 indoei-

433 4298 557 4356 bilitas
578 4301 629 4372 A'3
648 4329 673 4342 -
699 4302 891 4355 indecliuis
912 4303 945 4358 A.

1591 841 1594 1048 Ι
