3202 5028
716 519 968 589 -68-

386 715 661 800 holosericatus:
690 723 781 809 Aug.
809 725 846 791 in
873 742 925 813 ps.
946 721 1007 812 85,
1036 719 1058 789 3
1086 730 1117 789 et
1148 717 1376 790 holosericatis

307 851 337 910 et
357 841 540 935 pannosis.

385 1036 623 1121 homicidalis:
670 1041 816 1136 [Hiler]
854 1064 959 1113 anon.
1000 1047 1037 1112 in
1077 1044 1144 1113 Job
1180 1044 1196 1112 I
1230 1065 1265 1133 p.
1302 1040 1375 1126 101

308 1162 583 1235 cruentationes
621 1173 725 1255 atque
768 1159 931 1231 animans
974 1184 1077 1230 raam
1121 1157 1379 1238 homicidalems

311 1323 355 1334 -
409 1283 647 1353 homicidialis
699 1284 805 1372 intpr.
859 1283 971 1372 Iram,
1029 1283 1135 1371 intpr.
1189 1279 1288 1370 Orig.
1340 1282 1378 1349 in

307 1403 449 1472 Marcu:
486 1383 583 1494 Ap.
619 1401 714 1489 14*‚
747 1399 944 1470 cuiusmodi
982 1400 1181 1469 uariantiae
1216 1399 1379 1490 exempla

309 1528 390 1593 sunt
423 1524 530 1592 etiam
562 1519 773 1612 praesidalis
806 1525 840 1588 et
878 1519 1122 1609 praesidialis,
1153 1517 1378 1608 parricidalis

309 1647 343 1712 et
368 1641 473 1710 ielis.

311 1840 566 1852 -u——u--nn

410 1973 679 2024 tsamaeidialiter
697 1971 745 2024 A'.

308 2107 369 2160 Liu.
382 2108 457 2176 XXI,
478 2108 520 2172 43,
540 2107 555 2160 1
574 2109 604 2158 in
622 2107 687 2160 edit.
700 2105 842 2160 Drakenb.
862 2105 988 2172 (saepius
1008 2103 1104 2155 Victor
1123 2119 1144 2157 s.
1163 2103 1229 2170 ind,
1248 2107 1281 2156 ut
1299 2103 1341 2170 38,
1360 2104 1377 2156 3

309 2193 385 2245 ‘dnm
405 2232 411 2245 .
431 2232 437 2245 .
456 2191 679 2261 transgreditur,
700 2231 730 2246 ..
752 2189 975 2259 conflagrauit’),
996 2187 1071 2256 Epit.
1088 2187 1137 2255 41,
1163 2187 1178 2239 2
1196 2187 1235 2238 hie
1257 2189 1318 2239 dam
1338 2188 1379 2238 ia-

308 2277 430 2328 amenta
442 2294 459 2326 a
475 2277 577 2328 Galata
594 2277 622 2326 ia
639 2278 700 2327 arbe
714 2277 797 2325 Rama
815 2277 881 2325 obses
898 2282 1028 2332 maasiae,
1039 2273 1138 2342 sapam
1155 2273 1283 2340 arripiens
1301 2312 1307 2324 .
1327 2311 1333 2324 .
1350 2273 1379 2322 ia

308 2362 475 2413 Britanniam
497 2363 620 2428 peruenit,
648 2361 690 2429 29,
717 2361 743 2428 9,
772 2365 893 2427 utroque
921 2357 1004 2411 modo
1034 2358 1193 2410 alternatim
1222 2359 1265 2426 41,
1285 2358 1316 2410 21
1336 2371 1378 2424 sq.

311 2447 499 2506 Constantiacas,
525 2448 600 2498 darn
618 2484 623 2495 .
643 2484 649 2495 .
668 2447 695 2496 ia
713 2445 798 2496 aliena
827 2445 932 2503 irretit,
958 2446 1120 2494 adauaeatas
1138 2452 1172 2494 est
1190 2480 1195 2491 .
1216 2480 1234 2502 .,
1260 2442 1379 2492 Constans

308 2549 368 2583 aero
386 2533 501 2587 uenandi
518 2532 637 2599 capidieee
655 2532 789 2597 damper
806 2531 887 2580 siluas
904 2529 1034 2595 saltusque
1052 2536 1182 2586 erraret,
1200 2527 1379 2594 easspiraaere

308 2617 438 2684 aliqameti
455 2617 577 2668 militares
599 2617 627 2666 sis
652 2617 706 2666 eins
728 2633 821 2675 aeaeae,
844 2642 876 2652 -
900 2614 993 2666 Amm.
1013 2612 1107 2682 XXII,
1126 2613 1156 2678 9,
1176 2614 1190 2665 1
1211 2613 1273 2662 dam
1291 2617 1380 2662 terserat

307 2701 442 2769 inperium
460 2703 535 2761 satas,
557 2718 600 2752 aee
618 2703 724 2753 metitus
742 2701 845 2751 internis
862 2708 897 2750 est
913 2698 1030 2757 consitas,
1046 2715 1090 2748 nee
1109 2737 1114 2748 .
1134 2735 1148 2756 .‚
1166 2697 1203 2750 ib.
1222 2698 1264 2765 11,
1283 2697 1299 2750 9
1317 2697 1380 2746 dam

309 2788 484 2854 aedificandae
497 2795 624 2853 praeesset
641 2787 768 2845 aermnae,
786 2785 865 2836 cirros
878 2801 1019 2851 patrorum
1038 2781 1152 2832 literatius
1170 2783 1333 2840 detractabat,
1350 2781 1379 2831 id

308 2888 407 2938 qaoque
425 2871 462 2920 ad
480 2872 584 2922 deorsam
602 2872 698 2922 auitam
715 2870 860 2922 eaistimans
873 2868 1006 2936 pertinere,
1027 2866 1064 2920 ib.
1082 2867 1109 2934 3,
1127 2868 1159 2937 33
1179 2868 1204 2935 9,
1224 2867 1255 2934 9;
1275 2865 1377 2934 XXIV,

308 2957 336 3022 4,
356 2955 399 3021 21,
419 2955 480 3021 XV,
499 2957 523 3021 5,
544 2955 577 3007 16
590 2956 630 3008 al.
650 2955 815 3023 (sedetiam
836 2971 856 3007 c.
874 2953 941 3021 ind,
961 2956 992 3004 ut
1010 2951 1070 3020 XV,
1090 2955 1115 3019 5,
1138 2954 1179 3018 11,
1198 2951 1244 3004 uel
1265 2953 1294 3002 in
1308 2955 1377 3004 orat.

309 3039 408 3106 oblim:
418 3041 561 3108 perfertur
572 3040 760 3093 Mediolanum
771 3041 895 3108 nuntius,
908 3041 1004 3106 aperte
1012 3037 1159 3090 Siluanum
1171 3036 1377 3102 demonstrans,

311 3123 387 3178 dnm
407 3140 443 3176 ex
463 3126 626 3192 magisterio
646 3125 772 3194 peditum
792 3125 876 3176 altius
904 3125 1040 3190 nititur,
1070 3121 1221 3174 sollicitato
1250 3123 1377 3174 exercitu

309 3209 344 3260 ad
363 3210 523 3278 Augustum
543 3210 651 3262 culmen
672 3212 842 3274 euocatum).
879 3207 989 3260 Dehine
1007 3207 1081 3276 apud
1100 3208 1273 3275 posteriores
1293 3218 1374 3272 quos·

309 3308 364 3361 que
392 3296 498 3362 passim
528 3297 612 3348 obuia
638 3300 705 3347 sunt
732 3295 946 3348 constructionis
973 3294 1054 3345 istius
1079 3296 1257 3360 utreceptae
1275 3291 1379 3342 iamin

309 3395 392 3432 usum
410 3381 579 3448 scriptorum
599 3380 738 3448 exempla,
758 3393 877 3445 quorum
894 3379 1014 3446 paucula
1027 3377 1163 3444 quaedam
1178 3377 1288 3444 pridem
1301 3379 1376 3426 tran-

312 3464 411 3516 sitorie
430 3469 543 3517 enotata
560 3466 699 3517 indicasse
717 3479 790 3516 nunc
808 3464 943 3516 sufficiat:
962 3464 1053 3514 Latin.
1067 3463 1157 3516 Paeat.
1171 3462 1295 3529 Drepan.
1310 3463 1378 3524 (sec.

307 3547 345 3600 tv
366 3549 425 3612 ex.)
455 3549 592 3616 panegyr.
612 3549 751 3602 Theudae.
778 3547 808 3614 8,
837 3551 866 3614 5,
895 3547 972 3615 Sulp.
999 3547 1095 3599 Seuer.
1119 3549 1186 3611 (sec.
1206 3545 1228 3596 V
1247 3547 1301 3609 in.)
1320 3545 1379 3596 uita

308 3633 388 3686 Mart.
406 3633 437 3697 8,
456 3635 487 3699 1,
512 3633 593 3700 12,1
619 3638 647 3684 et
672 3648 748 3700 saep.
776 3632 840 3697 (sed
866 3633 899 3697 9,
923 3635 938 3684 5
965 3647 1026 3684 cum
1052 3631 1109 3685 ind.
1135 3633 1255 3700 praee),
1283 3630 1378 3684 Sidon.

308 3717 435 3785 Apollin.
455 3733 497 3786 ep.
512 3717 559 3783 IV,
579 3719 610 3770 11
624 3733 646 3770 s.
659 3719 689 3785 1.,
705 3718 800 3769 Victor
815 3717 921 3770 Vitens.
935 3717 971 3782 (s.
985 3717 1003 3767 1.
1017 3731 1071 3768 ses.
1087 3716 1124 3780 V)
1138 3731 1244 3784 perses.
1261 3713 1377 3768 Vandal.
1401 3711 1402 3714 ’

306 3802 347 3871 11,
374 3803 407 3855 14
430 3808 458 3854 et
481 3817 570 3869 saep,
595 3801 694 3854 Boeth.
715 3801 796 3854 Oons.
819 3800 924 3854 Philae.
943 3801 1007 3866 (525
1032 3818 1058 3870 p.
1078 3799 1123 3866 (1.)
1140 3800 1168 3869 I,
1192 3801 1208 3852 1
1232 3803 1293 3850 laec
1316 3800 1378 3849 dam

306 3902 425 3938 meeum.
446 3926 451 3938 .
470 3896 638 3954 repataran.
659 3925 679 3946 .,
704 3886 828 3937 adstitisse
847 3886 910 3936 milri
926 3887 986 3936 aaa
1005 3894 1038 3937 est
1055 3885 1148 3936 malas
1166 3885 1301 3935 reuerendi
1317 3883 1372 3934 aul

307 3979 355 4030 tas,
367 3971 497 4040 Fulgent.
512 3972 597 4038 Myth.
609 3971 645 4039 11,
658 3973 675 4024 9
688 3971 724 4026 cl.
737 3971 823 4036 (Zink
844 3970 901 4023 Der
915 3971 1061 4039 Mytholag
1074 3969 1252 4038 Fulgentius,
1266 3968 1376 4021 Virceb.

307 4057 384 4124 1867,
403 4073 430 4125 p.
448 4057 511 4124 58),
530 4057 610 4109 Exco.
630 4055 723 4111 Voles.
751 4055 785 4108 de
813 4056 1031 4125 imperatoribus
1055 4056 1104 4126 25,
1133 4052 1376 4124 Gregor.‘1'uron.

307 4144 375 4206 (sac.
395 4141 433 4193 Vl
452 4143 511 4206 ex.)
531 4141 596 4194 hist.
615 4141 745 4196 Franccr.
764 4141 805 4210 Il,
824 4141 856 4207 8,
879 4141 927 4209 IV,
953 4143 969 4197 3
989 4145 1016 4193 et
1034 4142 1155 4210 saepius.
1192 4139 1234 4192 De
1260 4138 1326 4192 dum
1354 4153 1376 4192 e.

307 4228 378 4280 coni.
404 4227 514 4295 plqpf.
542 4227 576 4280 cf.
596 4226 682 4282 Beitr.
700 4243 723 4280 z.
742 4227 790 4282 lat.
809 4227 956 4296 Laxicogr.
981 4225 1035 4295 111,
1063 4243 1091 4280 n.
1114 4229 1145 4294 1,
1173 4225 1221 4279 ubi
1249 4223 1338 4277 multa
1362 4238 1377 4275 e

308 4309 433 4367 Cassiod.
453 4311 584 4382 (Epiph.)
603 4312 673 4366 Hist.
693 4313 803 4381 tripart.
823 4314 1016 4380 congessimus
1036 4311 1175 4381 exempla.
