3208 5030
712 469 988 539 -146-

393 635 588 750 resociare:
616 675 704 742 auct,
726 673 892 765 Hypogn.
912 673 972 763 111,
992 672 1027 763 9,
1047 673 1097 743 14
1111 669 1280 766 fidelium
1305 697 1331 742 u
1357 713 1376 726 -

315 813 412 862 mero
438 786 696 862 resoeiondum.
1331 821 1334 828 v

393 987 593 1069 tuditano:
627 990 787 1064 Cassiod.
814 993 851 1060 in
878 1012 931 1082 ps.
959 992 1047 1082 150,
1073 993 1099 1062 4
1125 1001 1381 1088 tympanorum

316 1121 392 1182 est.
414 1108 533 1182 ‚tensi
556 1108 644 1180 corii
669 1131 797 1180 sonoro
823 1107 1011 1189 resultatio,
1040 1108 1134 1204 quod
1157 1110 1285 1182 musioe'
1307 1107 1381 1182 dis-

316 1226 511 1323 n'plinalili
533 1251 701 1304 mensura
720 1225 953 1320 permetientes
967 1227 1148 1324 nominata
1165 1228 1383 1301 resonatione

321 1345 562 1426 modulantur,
590 1348 791 1418 Ps.·Soran.
822 1369 905 1438 quu.
932 1347 1060 1418 medis.
1090 1348 1164 1419 226
1197 1346 1299 1440 (quid
1328 1355 1382 1419 est

317 1465 554 1560 spechemsl)
579 1462 751 1535 resonatio
777 1474 952 1558 rupturae
976 1475 1079 1536 testae
1103 1466 1144 1536 in
1171 1463 1243 1536 alia
1262 1476 1381 1560 porte,

315 1607 389 1657 nou
414 1582 475 1655 uli
488 1581 539 1678 fit
563 1581 704 1680 uulnus,
732 1584 779 1654 ib.
810 1583 895 1654 219.

394 1817 546 1882 tunnas
569 1806 678 1876 subet.
698 1827 732 1897 q.
752 1807 932 1875 resonetio
954 1805 1013 1874 uel
1030 1807 1253 1876 resonantis:
1283 1804 1381 1876 Coel.

316 1927 403 1996 Aur.
438 1924 532 1995 tard.
564 1926 629 2014 III,
668 1924 709 2014 8,
749 1924 823 1994 105
859 1924 1023 2009 (assitam
1058 1925 1217 2016 sequitur
1248 1924 1383 1993 uentris

315 2043 449 2114 inflatio
470 2095 478 2112 .
499 2095 521 2134 .,
549 2048 583 2112 st
608 2064 674 2134 pro
702 2044 860 2132 corporis
888 2047 985 2111 motu
1013 2043 1159 2135 liquoris
1187 2042 1302 2112 collisi
1329 2063 1384 2112 so·

316 2162 441 2252 nitus]
468 2159 526 2230 uel
553 2157 603 2229 ad
632 2181 836 2230 eoueussum
861 2157 1006 2254 palmae
1036 2181 1181 2230 resonas
1212 2171 1384 2254 tanquam

316 2276 497 2372 semipleni
520 2275 621 2358 utris,
640 2281 688 2349 ib.
708 2279 795 2369 106,
817 2280 880 2371 IV,
909 2281 943 2370 5,
971 2278 1018 2349 82
1045 2276 1078 2348 si
1099 2275 1222 2373 palma
1238 2276 1385 2374 suerint

310 2405 434 2491 partes
463 2395 639 2491 nudatae,
673 2407 713 2467 ut
742 2395 908 2492 tympani
937 2420 1104 2468 resonum
1127 2395 1295 2492 finquut,
1333 2398 1382 2468 ib.

191 2558 193 2562 ·
317 2518 384 2611 833
413 2517 447 2609 7,
475 2516 542 2607 933
572 2557 615 2568 -
645 2538 775 2588 resona
803 2518 912 2590 subst.
941 2519 1048 2608 gloss.
1077 2518 1215 2608 gaias.
1243 2513 1331 2611 ἠχώ.

394 2728 595 2812 miltiadi:
624 2736 722 2808 coel.
742 2739 828 2808 Aur.
848 2739 965 2828 signif.
994 2737 1040 2808 79
1068 2745 1147 2830 quot
1172 2746 1256 2806 suut
1282 2733 1383 2829 diffe-

316 2853 450 2924 rentioe
477 2852 662 2947 sanquinis
685 2852 842 2948 fluoris?
876 2864 963 2924 tres:
996 2853 1143 2949 eruptio,
1172 2853 1383 2942 uulneratio,

316 2971 503 3051 resudatio,
532 2973 579 3042 82
608 2994 651 3041 eo
678 2971 798 3066 quibus
824 2972 1045 3045 resudotione
1061 2956 1128 3066 (sa.
1148 2976 1282 3046 factum
1299 2976 1384 3045 fluo·

316 3115 393 3162 rem
421 3091 699 3185 apprehendis)?

393 3313 647 3382 resultator:
690 3312 850 3384 Cassiod.
879 3316 916 3383 in
943 3335 996 3405 ps,
1025 3314 1060 3405 9,
1091 3313 1137 3383 27
1165 3311 1204 3382 in
1231 3334 1291 3381 ore
1316 3310 1382 3382 la·

316 3426 400 3498 debit
426 3481 434 3497 .
464 3479 472 3497 .
507 3428 804 3512 amaritudinem,
845 3429 987 3524 quando
1022 3429 1280 3502 resultatoribus
1311 3427 1384 3500 suis

309 3569 463 3639 poenam
490 3547 614 3618 mortis
640 3547 786 3628 indicet:
817 3591 856 3600 -
889 3552 1071 3622 resultatio
1099 3549 1147 3620 id.
1165 3553 1203 3622 in
1222 3572 1276 3642 ps.
1298 3548 1383 3638 150,

316 3667 342 3738 4
369 3669 414 3753 (s.
442 3691 475 3738 u.
496 3667 705 3760 resonatio),
732 3669 779 3738 id.
799 3671 885 3741 Ver.
915 3672 958 3760 ΙΙ,
988 3671 1036 3740 24
1063 3671 1122 3761 ΙΙ,
1150 3677 1186 3740 et
1213 3670 1273 3740 alii
1301 3672 1384 3738 ante

316 3806 398 3857 oum
424 3786 470 3878 (O
495 3810 532 3880 p.
559 3783 669 3872 18²⁸).

417 4170 605 4221 resolidare
632 4170 669 4238 B3
696 4199 729 4210 -·
755 4171 1011 4236 resplendescere
1037 4167 1084 4236 ib,
1104 4169 1137 4222 N.
1163 4169 1238 4237 Tim
1265 4197 1298 4208 -
1326 4184 1382 4221 re-

420 4257 583 4310 structio
603 4255 628 4309 A
647 4271 673 4323 p.
693 4255 752 4324 18*3
772 4283 803 4294 -
822 4257 988 4308 sotiatus
1008 4256 1049 4322 Α,
1068 4280 1100 4293 -
1118 4255 1283 4305 retrariue
1301 4253 1330 4307 0.
