3208 5030
630 482 902 556 -105-

231 696 333 759 tunm
361 739 369 756 .
394 739 403 758 .
430 705 514 756 moa
540 693 579 756 nt
603 680 827 782 insonueris,
854 681 1099 780 superinducit
1124 683 1207 758 inde
1232 707 1297 756 na-

232 804 381 878 aetiam
407 801 612 876 cicatricem.

256 953 262 966 ι
308 983 468 1082 nubium:
509 990 669 1062 Cassiod.
699 1015 756 1064 an.
783 994 896 1085 praef.
929 986 1114 1084 nubiycras
1143 987 1297 1082 pluuias,

232 1148 278 1162 -
308 1109 424 1200 signif.
453 1131 569 1201 pass,
605 1115 644 1179 ut
675 1112 817 1182 nubifer
843 1111 901 1181 Ps.
930 1112 1021 1201 Aug.
1052 1108 1079 1181 G
1106 1130 1133 1178 s.
1163 1132 1215 1200 n,
1249 1111 1299 1203 pi-

231 1229 360 1319 striger
386 1225 479 1318 Sia,
516 1267 558 1278 -
594 1231 662 1300 nisi
694 1232 811 1323 potius
838 1230 987 1321 legimus
1014 1229 1228 1320 nubigenas,
1262 1234 1300 1299 ut

231 1349 318 1418 Stat.
346 1347 433 1417 Silu.
457 1346 504 1437 V,
533 1346 568 1437 2,
596 1347 682 1418 131.
728 1347 893 1422 Ceterum
922 1347 1025 1444 „Isin
1049 1347 1111 1420 Or.
1134 1349 1181 1438 Χ,
1210 1347 1298 1418 194:

233 1467 335 1552 niger
363 1461 677 1558 quasinubige1·“.

307 1657 584 1744 numerabiliter:
617 1667 676 1736 Ps.
707 1667 795 1758 Aug.
816 1667 958 1758 specul.
988 1667 1034 1739 20
1064 1665 1107 1758 (s.
1138 1690 1171 1736 u.
1200 1689 1298 1739 mon·
1349 1689 1364 1697 ·

231 1783 460 1875 surabilitsr).
1031 1832 1033 1836 -
1076 1811 1080 1819 ·

306 1961 571 2045 *timeto-‘sliat
598 1967 818 2061 (cicestriam
847 1973 937 2061 Aug.
958 1969 1067 2040 doctr.
1088 1971 1207 2042 christ.
1236 1973 1297 2065 IV,

232 2087 280 2158 20
305 2084 337 2157 si
361 2085 544 2181 quisquam
570 2085 674 2158 iuius
700 2085 958 2160 numerositatis
973 2087 1109 2184 peritus
1126 2087 1297 2161 causum

230 2203 420 2275 eorundem
445 2227 679 2277 numerorum
704 2206 773 2301 tegre
791 2217 986 2302 conponat,
1014 2204 1108 2300 quod
1123 2205 1297 2303 facillime

227 2321 268 2412 fit
285 2322 429 2394 mutatis
455 2322 661 2420 quibasdam
686 2323 811 2406 uerbis,
839 2349 925 2421 quoe
950 2323 1159 2397 tantundem
1184 2324 1296 2420 siam-

226 2439 384 2524 ]icatione
415 2440 550 2524 ualent,
589 2442 646 2514 uei
679 2453 813 2515 mutato
851 2465 971 2515 aarum
1003 2467 1089 2538 qaae
1120 2441 1298 2516 inuenerit

229 2558 367 2642 ordine,
395 2560 443 2633 id.
471 2563 519 2632 ib.
549 2563 608 2655 26,
637 2564 702 2655 56,
729 2565 776 2635 ib.
806 2565 871 2654 55,
904 2564 977 2634 109
1004 2560 1118 2633 nostri
1141 2561 1297 2657 corporis

229 2677 470 2752 numerositas.

308 2859 557 2961 nuncupante:
591 2867 688 2937 Hier.
717 2868 751 2936 in
779 2887 831 2959 ps.
863 2865 909 2936 26
936 2861 976 2935 in
1003 2863 1104 2937 domo
1131 2863 1296 2955 Domini,
1328 2893 1332 2902 ·

230 2981 269 3053 in
296 2982 372 3054 nita
391 2995 578 3080 perpetuo,
606 2982 690 3079 quia
716 2982 879 3079 quamuis
895 2981 1053 3055 Ecclesia
1076 2984 1131 3056 liic
1157 2984 1297 3057 dicatur

230 3100 362 3183 domus,
382 3113 500 3173 tamen
518 3126 591 3174 non
611 3101 771 3199 proprio,
789 3101 849 3175 seat
866 3103 1116 3199 unumpatiuc,
1137 3105 1295 3176 Facund.

230 3220 300 3291 det.
327 3223 362 3314 1,
393 3223 419 3292 4
445 3243 517 3293 non
539 3231 651 3317 potest
682 3221 817 3293 beatam
839 3217 1019 3318 Vir9inem
1045 3244 1128 3292 uere
1154 3233 1185 3292 ct
1203 3245 1295 3317 pro-

224 3337 307 3435 prie
333 3338 446 3410 dicere
471 3352 623 3411 matrem
652 3338 740 3423 Dei,
768 3339 829 3413 sea
853 3339 1093 3435 nuncupatim
1115 3339 1232 3434 potius
1257 3363 1298 3410 ac

223 3457 476 3554 perfunctorie,
506 3465 541 3530 et
558 3463 605 3532 ib.
634 3463 735 3553 aliq.;
763 3461 842 3531 adi.
863 3459 891 3532 Ο
909 3482 943 3553 p.
966 3460 1041 3534 13*
1060 3467 1094 3530 et
1112 3463 1218 3531 Beitr.
1237 3460 1296 3530 111.

306 3664 654 3733 nutrimentolis:
702 3665 853 3754 Dionys.
895 3665 996 3754 Exig.
1038 3663 1145 3753 areg.
1187 3667 1296 3734 creat.

231 3782 325 3853 hom.
354 3783 403 3853 15
429 3791 498 3851 tres
525 3779 741 3876 differentias
773 3779 892 3853 uitalis
916 3779 1093 3876 potentiae
1118 3776 1209 3850 ratio
1236 3777 1295 3850 de-

332 4101 651 4164 nunsupsmsntum
672 4098 714 4164 Α,
738 4121 770 4134 ·-
794 4095 953 4148 nundino
969 4097 1042 4163 sing.
1062 4093 1082 4148 O
1101 4094 1163 4147 add.
1184 4091 1297 4158 „transi

335 4180 407 4249 Aug.
427 4195 510 4237 serm.
528 4182 560 4236 ³1
580 4183 635 4235 tut
654 4180 697 4236 ed.
715 4181 811 4252 Moi.‘·‘;
831 4205 863 4220 ··
880 4179 1068 4234 nutriculas
1086 4178 1123 4261 β,
1141 4205 1173 4220 -
1192 4177 1297 4228 natri-

327 4265 439 4334 siaara
457 4266 490 4320 A.
