3180 5022
732 479 1004 550 -230-

423 681 613 744 Lucretius:
637 680 652 743 1
675 698 708 744 n.
730 681 759 740 2.

425 834 601 898 Marcellus
624 832 826 914 Empiricos:
867 828 894 892 A
917 849 947 892 n.
971 829 1022 892 80.

425 983 558 1050 Omissa
591 984 626 1047 in
657 985 764 1047 lexico
795 979 831 1046 O.
865 983 903 1044 11.
934 981 1132 1066 Georges:
1167 984 1182 1047 1
1212 1003 1243 1047 ιι.
1273 985 1302 1060 1,
1332 983 1408 1046 Zus.

338 1108 371 1171 p.
396 1087 483 1166 2⁸²),
514 1087 610 1148 -in
634 1086 740 1148 lexico
763 1084 942 1147 Porcellini
965 1085 1017 1147 ed.
1041 1085 1205 1148 De-Vit:
1240 1083 1311 1145 111*
1333 1104 1364 1145 n.
1388 1083 1409 1145 1

342 1193 417 1266 (nos
442 1187 662 1252 attestationis
686 1186 916 1269 supplemento
938 1187 1153 1249 instruximus
1176 1202 1275 1247 uoces
1299 1217 1337 1228 -
1353 1184 1409 1246 uel

340 1291 597 1372 significationes
629 1321 686 1363 -,
724 1305 826 1368 quae
858 1287 1004 1350 desunt
1027 1286 1132 1368 apud
1156 1285 1322 1366 De·Vit,
1350 1284 1410 1348 ad·

340 1394 404 1454 huc
425 1395 584 1455 centum
606 1389 964 1470 qninquaginta⁸³).
1154 1382 1159 1394 '

425 1542 642 1624 Participium
664 1541 793 1605 futuri
808 1560 912 1622 pass:
937 1561 968 1602 n.
985 1540 1050 1618 37⁵,
1073 1539 1147 1603 Iad
1163 1559 1195 1603 ιι.
1210 1538 1409 1622 ‘nigricare'.

427 1643 552 1706 Plinius
588 1644 678 1718 (hist.
711 1647 810 1717 nat.):
851 1643 929 1722 Erg.
959 1641 1007 1703 Ill
1041 1641 1180 1722 (passim
1205 1641 1240 1704 in
1268 1643 1410 1718 annot).

426 1744 552 1807 Plinius
576 1744 789 1807 Valerianus:
825 1742 909 1805 An.
931 1743 982 1804 84.

428 1896 596 1975 [Rufinus]
621 1893 804 1960 Commio
828 1893 945 1975 Amos,
968 1894 1059 1973 Jocl,
1085 1891 1224 1957 Ossam:
1254 1889 1334 1974 Cp.
1357 1891 1409 1953 17.

428 2048 567 2126 Seneca,
590 2047 626 2109 L.
651 2045 753 2113 Ann:
778 2045 849 2110 111*
872 2046 970 2129 epim.
995 2047 1051 2109 IV.

428 2147 574 2210 Solinus:
613 2146 640 2207 A
664 2168 696 2209 n.
721 2148 770 2209 77.

427 2297 623 2363 Theodorus
647 2300 851 2363 Priscianus:
886 2297 914 2360 Α
938 2319 969 2361 n.
992 2299 1042 2362 83.

343 2617 436 2682 lieris,
456 2615 624 2683 indigestio,
644 2615 824 2682 indiscretio,
844 2617 872 2666 et
889 2616 939 2667 inf.
958 2615 1001 2681 65,
1022 2643 1063 2678 -,
1082 2617 1317 2683 impraeparatos,
1337 2617 1359 2649 ⁶⁰
1370 2615 1411 2665 in·

345 2701 447 2767 clusor,
466 2701 655 2767 inconfeetos,
675 2701 847 2760 inconsutae,
867 2699 1048 2767 indiscissus,
1068 2699 1239 2768 indolorios,
1259 2697 1410 2750 ineruditio

345 2787 388 2851 (in
408 2784 526 2852 Vulg.),
548 2786 796 2850 ininterpretatus,
815 2783 1032 2850 insuasibilitss,
1052 2784 1232 2850 insultatrix,
1250 2783 1412 2850 interpella·

347 2870 406 2922 trix
419 2867 492 2935 (θ’),
514 2871 535 2902 ⁷⁰
546 2867 743 2932 intransibilis,
762 2868 952 2920 irrecusabilis
967 2868 1011 2932 (0.
1029 2867 1130 2933 Just),
1150 2869 1306 2935 iorgatrix,
1326 2866 1410 2918 medi·

344 2953 495 3019 tatorium,
516 2951 747 3019 multimammia,
766 2953 993 3020 pertremiscere,
1017 2951 1244 3020 presbyteratus,
1263 2967 1307 3018 os,
1325 2950 1410 3017 proli·

347 3051 419 3102 men,
438 3037 643 3104 recrucifigere,
663 3050 773 3088 sacceus
792 3024 865 3102 (0³),
885 3039 908 3070 ⁸⁰
920 3051 1045 3104 scopare,
1060 3036 1270 3104 scordiscorius,
1285 3034 1411 3098 stillatio,

347 3122 503 3186 sturninus,
517 3120 696 3188 subrepente,
709 3120 880 3174 subrutilare
893 3119 949 3185 (cl.
964 3119 1068 3188 llam),
1082 3120 1304 3173 substantialitas
1319 3117 1412 3181 (Ossd.
1432 3185 1434 3192 Ι

345 3207 410 3258 hist.
430 3204 518 3270 eccl),
537 3205 741 3274 subtunicalis,
761 3205 1000 3273 supercorrigere,
1021 3205 1228 3270 synecdochice,
1248 3203 1412 3255 ⁰⁰tcrmina-

345 3290 411 3344 bilis
430 3291 559 3359 (poelt),
579 3291 755 3357 trinominis,
776 3291 926 3356 uiliflcare,
946 3289 1081 3356 unicuba,
1101 3289 1280 3355 uulnerator,
1300 3315 1331 3324 -
1351 3302 1414 3337 com

349 3375 369 3427 0
389 3376 406 3428 1.
425 3375 444 3426 l.
463 3374 556 3426 allatis
575 3375 626 3427 130
645 3375 783 3443 exempla.
819 3373 908 3426 Voces
927 3373 1081 3443 permultas
1095 3387 1254 3426 communes
1268 3371 1334 3423 huic
1352 3385 1413 3422 corn

347 3459 518 3526 Augustino,
533 3464 564 3511 ut
577 3473 601 3510 e.
615 3474 635 3510 c.
650 3459 777 3528 falsator,
790 3457 984 3528 imputribilis,
1003 3459 1225 3527 impoenitentia,
1245 3471 1307 3508 cum
1320 3454 1413 3506 neutri

348 3542 489 3594 ascribere
508 3557 654 3609 possemus
673 3546 731 3609 uni,
751 3545 958 3611 prseteriimus.

415 3643 463 3707 82)
487 3643 541 3696 Vbi
566 3645 703 3710 exemplis
726 3644 804 3696 add:
837 3643 1036 3710 aequimodus,
1064 3644 1250 3710 aequisonas,
1277 3640 1413 3705 contiger,

348 3728 519 3806 despectatio
539 3727 635 3792 (Oros.
655 3743 676 3780 c.
695 3729 791 3796 Pelag.
810 3743 838 3795 p.
857 3729 931 3795 605),
952 3727 1162 3796 dispertitione,
1181 3725 1313 3779 insolatio
1333 3722 1414 3791 Ptin,

351 3813 529 3878 scientificus,
548 3814 753 3880 seruatorium,
776 3812 920 3880 specificas
941 3817 968 3863 st
986 3827 1042 3879 -cs,
1060 3813 1243 3880 specificatus,
1263 3809 1415 3877 spectione,

348 3897 505 3964 stellilicus,
525 3896 739 3965 subscriptiuus,
760 3897 923 3963 tentatiuus,
943 3897 1062 3965 neliger,
1082 3897 1240 3949 uenatione.

416 3998 465 4066 83)
484 4000 506 4052 lt
525 3999 622 4050 relatis
641 3999 671 4050 in
690 4013 753 4052 ann.
771 3999 804 4051 81
817 3999 933 4051 uocibus
946 3997 1175 4064 Hieronymianis
1194 3997 1323 4048 desunt
1341 3991 1416 4060 apud

348 4085 473 4138 loe-vit:
498 4084 541 4151 21,
560 4083 602 4152 22,
626 4082 730 4150 28,31,
754 4084 796 4150 36,
822 4085 865 4152 37,
883 4083 926 4152 42,
950 4083 993 4150 4³,
1017 4083 1059 4148 49,
1085 4083 1127 4149 60,
1146 4083 1188 4147 56,
1212 4080 1254 4148 59,
1273 4079 1322 4142 67;
1350 4091 1415 4128 nam

350 4168 417 4237 alis,
436 4173 467 4221 ut
486 4168 527 4236 71,
546 4167 630 4220 habet
648 4167 697 4219 ille
710 4168 823 4235 quidem
835 4169 907 4238 ipss,
926 4182 983 4221 non
999 4169 1091 4220 tamen
1105 4165 1307 4231 Hieronymum
1321 4165 1415 4214 aucto·

349 4269 420 4323 rem,
440 4252 490 4306 sed
507 4254 666 4320 sequiorem
684 4253 815 4321 aliquem.
1445 4251 1446 4256 ’
