3208 5030
613 503 889 575 -213-

299 718 382 788 w:
406 705 578 788 anguiger,
595 703 756 786 cristiger,
771 702 927 786 glariger,
942 705 1108 788 graniger,
1123 704 1284 787 melliger,

214 811 354 893 nubiger
377 827 464 892 pass.

367 939 408 994 01.
428 939 452 992 Α
472 954 500 992 n.
519 940 552 993 24
572 939 604 993 cl.
625 955 650 1007 p.
670 941 774 1007 19⁰¹),
795 939 815 991 B
835 955 859 991 n.
878 940 920 994 41.

212 1135 465 1146 ,-.-----.

214 1280 404 1347 margaritifer
424 1280 504 1347 Ptin,
524 1279 666 1349 mamasac,
686 1278 823 1345 mellifer,
844 1279 994 1331 metallifer
1014 1279 1101 1349 pptl,
1121 1279 1285 1331 monstrifer

212 1366 276 1433 ppli
297 1370 325 1415 et
344 1365 427 1431 Ptin,
448 1367 580 1419 montifer
599 1365 692 1428 (Herc.
712 1361 773 1416 Oet.
796 1361 888 1428 1216),
907 1365 1035 1433 mortifer,
1054 1365 1184 1418 mortifer
1202 1377 1287 1431 pros,

95 1483 104 1490 -
213 1449 428 1514 multiferPlia.,
442 1450 590 1519 inuenisse
600 1449 637 1516 gl.
649 1449 694 1516 is,
703 1448 829 1500 nardifer
837 1448 922 1514 (irat,
933 1449 1075 1516 nimbifer,
1086 1449 1190 1518 crinifer,
1200 1449 1287 1501 nocti·

214 1535 264 1599 fer,
285 1534 397 1588 nubifer
418 1533 469 1587 Ou.
489 1542 517 1587 et
535 1536 609 1603 ppA,
630 1533 705 1586 Salu.
727 1532 758 1583 G.
778 1531 810 1584 D.
831 1532 878 1600 Vl,
898 1535 948 1585 172
967 1533 1093 1602 (Alpes),
1114 1534 1147 1587 cf.
1166 1532 1187 1585 0
1207 1548 1227 1587 s.
1248 1548 1286 1599 n.,

215 1619 340 1673 odorifer
359 1621 402 1683 (et
414 1619 477 1671 Sen.
498 1619 593 1686 Plin.),
613 1618 744 1684 oliuifer,
763 1616 875 1685 olorifer,
894 1619 1023 1686 omnifer,
1043 1617 1135 1686 opifer
1153 1618 1196 1682 (et
1215 1617 1286 1670 Plin.

211 1707 294 1758 inser.
309 1705 370 1771 al),
393 1707 425 1738 ¹¹⁰
436 1705 562 1773 orientiser
575 1704 621 1771 gl,
643 1703 768 1766 ostrifer,
787 1688 871 1770 occisor
883 1700 931 1770 gl,
951 1702 1057 1770 pacifer
1070 1702 1113 1765 (et
1125 1717 1201 1770 pros.
1215 1704 1286 1770 pa),

213 1789 353 1858 palmifer,
372 1789 508 1858 paludifer
527 1803 611 1840 carru.
628 1787 666 1839 de
680 1787 800 1840 Philum.
816 1787 949 1854 (passi),
969 1787 1124 1855 papyrifer,
1143 1787 1286 1856 pecudiser,

213 1874 412 1942 pelliferStat.,
421 1871 672 1942 pennifer,'pestifer
681 1873 829 1940 (etprcs.),
842 1873 873 1906 ¹²⁰
882 1871 995 1940 pinifer,
1004 1872 1126 1940 pomifer
1137 1875 1179 1936 (et
1188 1872 1284 1937 Plin.),

212 1960 349 2026 pompisen
367 1945 522 2028 populifer,
539 1957 697 2026 racemifer,
716 1957 829 2022 rorifer,
849 1957 974 2023 semifer,
988 1957 1141 2026 sagittifer,
1156 1956 1287 2010 salutifer

214 2043 256 2108 (et
274 2058 349 2111 pros.
369 2045 462 2109 recu),
481 2042 602 2111 saaca'ser
619 2043 704 2110 intpr.
718 2041 778 2110 Igu.
797 2040 846 2106 (θ’
859 2056 880 2096 s.
894 2058 920 2094 u.
940 2041 1054 2108 deifer),
1074 2041 1221 2112 ¹³⁰eaniser,
1239 2057 1283 2094 sa·

214 2128 289 2184 xifer
308 2127 369 2180 Val.
389 2127 442 2193 Fi,
461 2129 623 2196 sceptrifer,
642 2127 791 2194 securifer,
810 2127 982 2194 sementifer,
1002 2126 1131 2190 sensifer,
1150 2126 1280 2196 sereniser,

213 2212 363 2281 serpillifm
390 2213 510 2280 signifer
532 2212 633 2277 (subet.
659 2217 687 2262 et
709 2213 813 2278 pros),
841 2211 955 2280 coccis«,
983 2211 1123 2263 ¹⁴⁰solifer
1148 2211 1213 2264 Seu.
1237 2216 1282 2276 tr,

213 2298 349 2350 somnifer
374 2298 417 2363 (et
436 2298 507 2349 Ptin.
526 2295 590 2364 al),
616 2296 757 2365 soporifer
780 2298 823 2361 (et
842 2295 913 2350 Plio.
938 2295 1054 2364 Spart),
1073 2296 1189 2363 spicifer
1208 2297 1284 2364 ppA,

212 2382 341 2450 spinifer,
360 2381 539 2451 spleadcnfer,
551 2383 698 2450 spumifer,
712 2381 876 2446 squamifer,
890 2381 1018 2448 stellifer,
1031 2380 1162 2440 sudoriser
1171 2379 1204 2432 0.
1213 2379 1283 2432 Aur.

214 2467 266 2531 (ec.
291 2466 340 2532 ΙΙΙ,
360 2467 402 2534 21,
421 2466 500 2532 206),
528 2465 704 2532 ¹⁵⁰teedifer,
730 2465 849 2516 teurifer
871 2466 951 2533 Luc,
977 2463 1091 2532 tigrifer,
1114 2463 1285 2530 tridentifer,

213 2552 295 2602 trifer
314 2549 372 2603 Col.
397 2550 483 2617 Plin.,
512 2549 666 2603 trifurcifer
691 2548 795 2615 Plaut,
823 2550 925 2600 turifer
949 2551 992 2612 (et
1010 2547 1112 2616 Plin.),
1138 2547 1285 2616 neporifer

213 2633 292 2701 Stat,
312 2637 396 2702 postt.
410 2634 488 2701 (ΙΙΙ),
503 2634 602 2703 uasa'fcr
620 2635 657 2702 gl.
670 2632 842 2701 σκευοφόρος,
855 2633 966 2700 nelifer,
983 2632 1180 2700 ¹⁶⁰uenenifer,
1199 2632 1283 2682 uerni-

207 2721 265 2787 jer,
282 2718 411 2787 caecidisse
430 2718 526 2771 Aurei.
546 2734 589 2786 ap.
610 2715 695 2788 ch,
719 2719 815 2787 crinifer
835 2718 906 2786 App.
926 2717 969 2785 h.,
995 2717 1172 2786 uitiearpifer
1193 2716 1284 2775 vern,

214 2805 311 2856 nitifer
329 2803 394 2872 ppA
413 2807 441 2854 et
459 2802 515 2866 Pl,
543 2802 626 2867 Pali,
651 2803 804 2871 umbrifer,
831 2802 936 2856 uotifer
954 2802 1038 2869 stat,
1064 2800 1164 2864 Anth.,
1192 2802 1286 2853 uuifer

214 2891 288 2955 ppt,
307 2887 422 2948 culaiser
440 2887 569 2952 (omnino
588 2902 658 2940 rece.
677 2888 735 2951 68).
771 2885 889 2940 Consilii
909 2887 963 2939 fuit
980 2889 1010 2938 in
1029 2886 1212 2940 describendo
1231 2887 1284 2939 hoc

213 2971 348 3025 laterculo
368 2975 396 3024 et
413 2985 469 3037 sq.,
494 2977 591 3037 ntea,
618 2986 689 3038 quae
708 2972 818 3026 solutae
843 2985 954 3040 quoque
979 2971 1115 3025 orationis
1135 2971 1180 3024 uel
1200 2972 1283 3022 etiam

213 3058 353 3110 communi
372 3057 401 3107 in
414 3072 467 3108 usn
481 3057 596 3108 fuerunt
608 3058 722 3124 (pros),
743 3057 824 3110 facile
838 3056 958 3111 discerni
973 3061 1096 3124 possent.
1133 3057 1283 3108 Poetarum

213 3140 307 3194 nullus
332 3143 423 3208 magis
448 3155 531 3207 quarn
552 3140 671 3193 Ouidius
697 3141 768 3194 hanc
786 3141 906 3208 figurem
931 3140 1084 3194 celebrauit
1107 3142 1200 3205 (cuius
1219 3144 1286 3191 sunt

213 3226 367 3294 peculiaria
385 3240 407 3277 e.
427 3241 448 3276 c.
467 3226 526 3288 115,
546 3224 605 3290 123,
625 3226 683 3290 124,
703 3225 762 3291 126,
782 3225 999 3292 133,150,156,
1025 3225 1104 3292 too),
1128 3225 1202 3277 inter
1221 3239 1283 3276 con·

212 3311 363 3377 scriptores
389 3311 438 3362 uix
458 3309 533 3362 ullus
558 3311 647 3377 magis
671 3309 724 3361 hoc
742 3323 846 3376 genere
865 3324 932 3361 usus
952 3314 994 3362 est
1013 3309 1115 3362 Plinio.
1152 3308 1283 3374 Denique

214 3392 249 3444 ad
268 3392 439 3445 ‘oenoferus'
459 3394 492 3446 cf.
513 3394 653 3447 doriferus
671 3395 754 3446 inser.

279 3510 327 3575 61)
347 3509 510 3579 Composita
533 3512 562 3562 in
587 3524 666 3578 -ger
690 3511 861 3578 congregari
885 3509 966 3562 heec:
998 3511 1089 3580 eliger
1113 3513 1157 3577 (et
1178 3512 1277 3578 Plin.),

213 3593 330 3659 comper
347 3595 445 3662 inser,
471 3597 593 3662 armiger
612 3597 655 3660 (et
673 3596 779 3663 pros),
798 3597 920 3664 astriger
938 3595 1017 3667 Stet,
1036 3601 1132 3666 pontt,
1152 3598 1276 3666 auriger,

214 3678 359 3747 barbiger,
381 3679 514 3747 belliger,
533 3678 709 3748 bicorniger,
736 3680 853 3746 camiper
871 3679 936 3734 hist.
956 3684 1031 3750 trip,
1053 3684 1073 3716 ¹⁰
1091 3681 1217 3751 clcuiger
1234 3685 1277 3747 (et

213 3764 328 3817 acleus
346 3768 374 3816 et
392 3779 408 3816 e
426 3765 538 3831 clanis),
557 3764 669 3831 coeliper,
689 3766 814 3834 coniger,
833 3765 950 3832 contiger,
969 3767 1098 3833 corniger
1118 3768 1162 3831 (et
1180 3766 1278 3836 Plin.),

214 3850 337 3916 criniger
349 3851 424 3915 Luc,
438 3849 561 3916 quenc,
568 3849 688 3916 satages,
700 3849 815 3918 semiper
827 3849 874 3918 gl,
882 3850 1006 3919 saetiger,
1020 3850 1179 3919 flammiger
1192 3851 1281 3919 ppt,

215 3936 237 3968 ²⁰
247 3934 363 4000 floriger,
384 3933 514 4000 fluctiger
533 3947 606 4001 pess.
627 3932 683 3988 Oic.
701 3933 785 4001 frgm.
804 3937 870 4002 poet
891 3949 934 4002 ap.
949 3934 1015 3987 leid.
1029 3933 1091 4000 (Or.
1106 3933 1182 4001 XIX,
1195 3936 1221 4003 1,
1234 3935 1281 4002 20)

215 4016 293 4071 ‘tunc
317 4033 347 4070 se
371 4017 520 4086 fluctigero
546 4018 633 4070 tradit
656 4018 825 4085 mandatque
848 4020 968 4088 peroni’,
987 4019 1101 4088 foatiper
1125 4020 1209 4074 inscr.
1228 4022 1281 4089 (1),

207 4102 360 4171 francica,
375 4103 500 4171 freniger
514 4102 593 4172 Stat,
605 4103 722 4172 fumiger
735 4101 852 4173 Ennod,
872 4102 1031 4172 hederiger,
1048 4104 1180 4169 boamiqcr
1193 4103 1280 4174 Tert,

214 4185 324 4255 laniger
343 4189 386 4252 (et
404 4188 502 4253 Plin.),
522 4186 658 4255 lauriger,
677 4189 700 4223 ³⁰
717 4185 828 4254 libriper,
850 4187 940 4255 litiper,
958 4187 1104 4254 lympbiper,
1121 4189 1281 4257 mmtiper,

215 4270 402 4338 (morigerum
421 4287 498 4327 nom.
516 4273 587 4342 sing.
607 4271 698 4326 Pleut.
717 4271 810 4341 Epio,
829 4272 922 4326 dmm.
935 4271 1010 4340 XVI,
1024 4272 1066 4338 11,
1079 4271 1119 4340 1),
1138 4273 1282 4346 maadiper,
