3208 5030
737 535 777 547 -
836 498 911 567 164
964 535 1016 552 -κ

331 698 506 796 percussi,
539 697 603 770 alii
631 696 770 793 iuniores
802 700 1028 779 concremati,
1068 705 1104 771 in
1138 724 1192 795 po.
1226 668 1342 793 51‚'8
1369 713 1407 772 ut

336 819 489 891 mutum
509 817 665 898 saeuius,
707 817 928 889 subnecturus
954 843 987 889 cr
1013 817 1137 900 tertiis,
1172 825 1208 891 in
1237 823 1285 894 36
1312 845 1340 893 s.
1370 823 1407 914 3,

337 941 386 1011 13
405 939 490 1010 otios
514 937 777 1024 crucificcruut,
798 937 883 1009 alios
901 937 1012 1010 bestiis
1033 939 1265 1011 abiecerunt
1283 943 1403 1037 („ood.

334 1060 450 1131 Vatie.
481 1064 515 1129 et
542 1060 668 1132 Gallie.
688 1081 772 1130 mss.
801 1082 872 1130 uno
894 1066 1040 1151 excepto
1059 1063 1119 1152 qui
1137 1061 1262 1132 habet:
1290 1062 1405 1131 subie-

338 1173 521 1269 cerunt‘),
549 1183 584 1249 in
613 1178 673 1270 59,
701 1178 769 1270 133
805 1221 841 1230 «
878 1179 921 1247 cf.
955 1181 1073 1249 calcar
1098 1201 1188 1271 equo
1221 1182 1405 1271 subrigere

336 1299 383 1368 M.
414 1301 500 1367 Aur.
530 1321 586 1389 ap.
616 1301 761 1388 Front.,-
785 1304 819 1366 et
850 1296 1003 1401 dirigere
1030 1299 1122 1390 Vop.
1155 1300 1261 1369 Prob.
1296 1300 1356 1388 19,
1385 1300 1407 1369 6

336 1415 456 1487 ‘occisi
484 1423 565 1488 suut
590 1418 692 1486 multi
720 1418 859 1504 (leones
886 1420 923 1487 in
952 1417 1246 1508 amphitheatro),
1274 1420 1333 1508 qui
1360 1417 1409 1486 di·

336 1536 453 1626 rigere
480 1537 662 1627 nolebant,
689 1537 849 1627 sagittis'.

413 1734 667 1840 consarcinare
699 1739 886 1831 (sarcirett
927 1739 1062 1810 Victor.
1099 1739 1238 1809 Tuuon.
1272 1740 1403 1830 poenit.

337 1860 383 1930 29
411 1857 443 1930 si
466 1857 559 1930 nicil
589 1857 681 1953 quod
710 1857 792 1928 boui
816 1856 929 1951 operis
958 1855 1180 1928 incremento*
1200 1854 1408 1928 concuretio

334 1976 594 2050 subsarcinetur
607 1974 813 2048 tacebimus.
842 1976 895 2049 Of.
909 1979 1161 2048 consarcinare
1173 1977 1404 2067 Gell.Amm.‚

335 2101 533 2169 sarcinator
561 2106 595 2168 et
621 2100 702 2167 -trix
732 2091 913 2192 (ἀκὲοτρια
939 2098 1060 2189 gloss,
1087 2096 1151 2167 sed
1171 2104 1205 2166 et
1224 2098 1299 2188 aL).
1350 2096 1403 2167 cf.

334 2222 369 2286 et
394 2219 423 2287 B
451 2218 518 2287 col.
548 2217 620 2286 219
640 2237 669 2286 s.
690 2240 723 2286 u.
743 2217 955 2307 scrutinare,
984 2224 1018 2286 et
1037 2216 1134 2286 aliud
1153 2219 1403 2288 subsarcinare

335 2339 511 2424 [sarcinat
540 2337 587 2405 ib.
617 2336 683 2406 col.
714 2335 788 2405 220
815 2357 868 2426 sq.

408 2552 641 2653 subruuntur:
685 2555 845 2627 Cassiod.
864 2558 901 2625 in
922 2576 974 2646 ps.
996 2555 1032 2645 9,
1052 2557 1073 2624 5
1097 2552 1146 2624 ‘ic
1173 2552 1326 2624 scutum
1351 2529 1410 2622 sc

332 2676 416 2750 culi'
437 2731 474 2750 ..
501 2675 656 2748 seculum
672 2673 849 2771 futurum
877 2670 1035 2744 Domini
1059 2671 1233 2766 siquificct
1250 2694 1403 2766 rcyuum

335 2852 343 2869 .
373 2851 381 2868 .
409 2808 440 2866 ct
467 2850 475 2868 .
506 2850 513 2867 .
541 2794 673 2865 dictum
688 2783 747 2864 =cet
772 2790 891 2873 seculi,
928 2789 1183 2871 iocationes,
1211 2814 1277 2887 quc
1304 2816 1404 2864 nuuc

332 2914 478 2994 utimur,
507 2912 736 3006 subsequium.
791 2913 843 2984 Of.
865 2915 1089 3003 consequius,
1116 2916 1318 3005 exsequiae,
1344 2915 1404 2984 ob-

333 3037 507 3125 sequium,
534 3036 764 3125 prosequium
792 3033 896 3101 Paul.
924 3033 1028 3101 Diac.

408 3248 636 3349 tubtttttstttt
656 3256 857 3324 Ps.·Soran.
872 3255 963 3346 puls.
983 3275 1019 3343 p.
1037 3251 1109 3322 279
1126 3253 1283 3344 (pulsus)
1299 3250 1401 3345 picu-

331 3371 522 3444 reticerem
548 3371 737 3466 subspc'csus
763 3383 795 3442 ct
820 3369 921 3442 echte
947 3379 1004 3442 cst.

407 3589 669 3670 substentare:
697 3597 849 3664 Primae.
869 3598 904 3664 in
926 3598 1037 3686 Apoo.
1058 3595 1090 3664 V
1116 3592 1161 3662 ed
1190 3614 1220 3662 c.
1242 3591 1286 3660 21
1310 3587 1399 3659 duo-

330 3707 498 3785 denarius
523 3735 693 3784 uumerus
720 3722 858 3782 acutum
877 3710 1118 3806 quudroyiut'o
1136 3720 1288 3804 quotuor
1315 3730 1398 3777 cou-

430 4132 664 4182 rubrorct'ucrc
688 4129 725 4199 33
749 4155 780 4166 -
804 4130 1013 4180 subeciodcrc
1032 4129 1072 4193 Ας
1099 4153 1131 4165 -
1154 4125 1400 4192 subsequentia,

431 4231 463 4268 ae
484 4216 536 4285 ib.;
564 4244 593 4254 -
621 4213 906 4266 subsistentiali]
937 4213 972 4283 83
1006 4239 1038 4251 -
1062 4211 1269 4263 subtelam
1292 4210 1334 4277 A3
1364 4235 1397 4247 -—

431 4302 667 4369 rubrtyptc'cuc
685 4300 721 4354 ib.
