3180 5022
593 571 643 582 -
697 529 768 602 227
821 571 871 581 --

202 740 281 788 sunt:
307 729 492 799 adimpletor,
511 726 700 794 collaudator,
720 724 890 793 complutor,
911 724 1014 776 dilator
1032 722 1206 790 (Chrysei),
1224 725 1264 776 in·

200 818 343 872 sinuatrix
361 814 452 880 (lll'),
470 813 607 878 necatrix,
626 824 739 879 pensor,
752 808 856 877 plutor,
870 809 993 870 relictcr,
1010 813 1145 875 sacrator,
1158 813 1265 860 satura·

200 924 254 982 tor,
276 917 414 984 seductor,
434 913 606 982 supplicator
625 910 739 976 (Prud.)
758 913 809 976 -2,
832 914 863 957 n.
888 895 928 956 29
952 927 991 942 -··
1011 909 1086 960 add:
1107 913 1267 976 contempe.

200 1004 274 1054 ratio
287 1000 377 1066 (111⁴),
397 999 510 1066 cubitio,
524 996 712 1050 exhonoratio
725 993 805 1062 (0³),
825 992 1011 1060 manducatio,
1031 994 1266 1061 praeposteratio,

200 1102 375 1171 reportatio,
406 1100 557 1164 saturatio,
589 1096 799 1150 transformatio
824 1093 894 1159 (07)
918 1112 969 1156 -,
996 1099 1028 1144 n.
1056 1079 1099 1142 34
1127 1111 1166 1125 -··
1190 1092 1266 1145 add:

202 1187 349 1254 capaciter,
369 1183 528 1249 causaliter,
547 1180 737 1247 essentialiter
755 1178 833 1245 (θ’),
853 1178 1008 1230 exitialiter
1026 1177 1124 1244 (lll*),
1145 1177 1266 1229 exitiosa

201 1307 253 1352 —,
276 1292 308 1353 p.
332 1273 370 1332 21
403 1268 446 1332 ad
469 1269 601 1330 ‘clause'
632 1300 671 1314 -·
700 1281 777 1334 add:
810 1281 991 1344 commotius,
1019 1278 1174 1344 conditius,
1203 1291 1267 1331 con·

201 1388 341 1454 strictius,
367 1388 475 1438 sacrate
498 1403 549 1448 -,
572 1387 604 1449 p.
627 1367 670 1429 40
692 1366 734 1430 ad
758 1365 976 1432 ‘definienter’
1000 1398 1039 1412 ··-
1069 1378 1144 1431 add:
1172 1376 1267 1430 inoba-

201 1486 327 1551 dienter,
347 1486 520 1550 nescienter,
540 1482 757 1552 praefidentius,
777 1481 984 1535 stomachanter
1009 1499 1066 1546 -,
1094 1485 1126 1548 p.
1157 1466 1197 1526 75
1225 1463 1268 1526 ad

202 1571 455 1655 ‘incapabilitas’
480 1602 518 1614 ·-·
543 1583 619 1636 add:
638 1582 777 1635 idoneitas
793 1581 872 1650 (ci),
891 1579 1157 1634 incommutabilitas
1170 1579 1267 1644 (Dion.

200 1671 314 1740 Exigi,
342 1669 554 1732 monstrositas,
583 1665 775 1734 multiplicitas
800 1667 864 1720 coll.
890 1683 911 1720 c.
934 1665 1036 1717 Donat.
1061 1657 1208 1733 1,'prae1⁴.
1232 1661 1268 1716 al.

202 1772 330 1837 (Boeth.)
354 1791 406 1836 -,
429 1775 462 1838 p.
490 1755 531 1816 89
560 1753 602 1816 ad
632 1752 833 1816 ‘intenibilis’
859 1786 896 1798 -
927 1765 1004 1819 add:
1033 1764 1191 1818 formabilis
1218 1763 1266 1816 lib.

207 1956 459 1966 ...ι-...ῃ

204 2095 281 2140 tenta
299 2090 436 2156 prolerre,
457 2103 529 2154 quue
548 2101 691 2154 nunqnam
705 2086 785 2138 latini
805 2086 927 2139 hominis
940 2087 1021 2138 euris·
1029 2087 1148 2154 audiuit,
1167 2088 1268 2154 ethcc,

204 2189 265 2225 cum
285 2173 318 2224 de
339 2172 458 2236 Graeco,
484 2186 554 2238 quae
580 2173 677 2238 lingua
700 2172 794 2222 uicina
820 2175 876 2237 est,
902 2171 1070 2223 transferret
1087 2173 1116 2222 in
1134 2175 1269 2225 nostram.

204 2256 279 2323 Quid
296 2259 441 2326 patiuntur
465 2257 522 2324 illi,
549 2258 597 2323 qui
624 2256 658 2307 de
681 2255 817 2307 Hebraeis
843 2255 1054 2308 difficultatibus
1080 2258 1269 2325 proprietates

203 2344 363 2409 exprimere
388 2343 542 2394 conantur?
577 2341 611 2392 Et
641 2343 733 2390 tamen
762 2339 850 2390 multo
879 2341 1012 2408 pauciora
1039 2344 1104 2392 sunt
1127 2343 1157 2392 iu
1183 2343 1269 2392 tantis

203 2425 395 2477 uoluminibus
413 2425 631 2493 scripturarum,
652 2436 723 2488 quae
742 2425 896 2475 nouitatem
916 2428 1025 2492 sonent,
1045 2437 1128 2490 quam
1148 2437 1180 2475 ea
1198 2437 1270 2491 quaa

203 2508 252 2560 ille
271 2511 407 2576 inparue
427 2523 512 2576 opere
532 2507 679 2576 congessit’
698 2507 745 2571 (cf.
766 2507 850 2560 Beitr.
868 2507 882 2559 1
899 2523 926 2558 n.
943 2508 970 2573 4,
983 2507 1050 2558 -0
1069 2524 1096 2575 p.
1115 2507 1167 2559 23*
1187 2523 1212 2559 n.
1230 2507 1268 2572 3).

205 2591 475 2644 commemorandus
494 2606 555 2643 esse
569 2592 681 2643 uidetur
694 2589 819 2643 hocloco
833 2592 917 2642 etiam
937 2589 1037 2643 Coeli
1047 2606 1084 2642 us
1104 2590 1269 2643 Aurelia·

202 2691 284 2742 nus,
309 2674 524 2728 sollertissimus
543 2674 759 2741 uocabulorum,
778 2679 810 2726 ut
827 2676 866 2725 iia
885 2673 1000 2742 loquar,
1028 2674 1216 2727 technicorum
1237 2673 1271 2725 de

204 2775 307 2828 graeco
328 2760 494 2824 translator,
515 2761 592 2811 cuius
612 2773 626 2810 e
646 2759 726 2825 locis,
745 2759 794 2824 qui
812 2758 867 2810 huc
885 2759 1027 2825 pertinere
1046 2759 1209 2825 uideantur,
1229 2759 1270 2810 in·

204 2846 329 2897 numeris
353 2844 463 2911 aliquos
480 2849 539 2896 aut
561 2857 702 2911 apponere
728 2847 775 2895 aut
798 2842 922 2894 indicare
947 2843 1066 2912 placuit,
1092 2844 1181 2895 ueluti
1200 2842 1271 2894 tard.

206 2928 252 2996 ll',
272 2929 297 2994 7,
318 2928 351 2980 14
370 2928 540 2995 ‘symptoma
559 2966 565 2980 .
585 2967 601 2994 .,
621 2927 695 2994 qnod
713 2941 765 2980 nos
784 2927 910 2980 accidens
930 2928 1047 2980 dicere
1066 2927 1270 2996 poterimna'

204 3012 293 3079 (quod
312 3013 346 3064 al.
368 3011 553 3064 ‘concurrens'
572 3013 790 3078 interpretatur,
810 3016 841 3064 ut
859 3027 897 3065 ac.
916 3013 951 3078 il,
971 3013 1013 3076 37,
1032 3013 1096 3064 204:
1121 3013 1145 3064 si
1164 3049 1171 3064 .
1189 3052 1196 3065 .
1216 3011 1271 3062 alia

204 3097 400 3149 concurrentia
417 3097 523 3148 luerint
539 3095 679 3163 lenigata,
703 3098 737 3152 cs.
762 3110 928 3149 concurrere
954 3097 990 3162 ll,
1010 3099 1051 3164 27,
1071 3096 1129 3160 143,
1149 3097 1192 3161 32,
1213 3095 1270 3160 166,

203 3183 316 3248 saepius
336 3187 427 3232 tamen
447 3196 479 3232 ea
496 3183 526 3231 in
545 3195 575 3231 re
595 3180 681 3233 uerbo
701 3181 800 3247 ‘sequi'
819 3196 902 3246 usus,
930 3185 960 3231 ut
978 3181 1048 3231 tard.
1068 3180 1104 3245 ll,
1124 3179 1270 3246 794411-

204 3267 301 3330 quitur
320 3280 378 3332 eos,
398 3267 445 3330 qui
465 3279 565 3330 coryza
577 3269 728 3328 uexautur,
748 3266 872 3330 grauedo
886 3265 996 3314 narium
1011 3271 1039 3314 et
1052 3263 1173 3328 frontis',
1193 3263 1271 3326 (cum

203 3349 272 3410 dat.)
297 3363 336 3400 ac.
361 3349 395 3414 ll,
423 3349 466 3415 17,
493 3348 543 3399 102
569 3349 730 3400 ‘nomicosis
757 3347 804 3398 uel
833 3347 997 3399 collectione
1025 3345 1218 3399 laborantibus
1237 3383 1271 3400 ..

204 3437 286 3498 sputa
305 3432 466 3495 sequentur’
484 3435 512 3481 ct
530 3459 561 3468 -
581 3446 643 3482 cum
662 3437 782 3497 utroque
801 3445 865 3483 casu
882 3459 909 3468 —
925 3433 1006 3497 freq,
1026 3432 1158 3497 consequi
1181 3445 1221 3483 ac.
1235 3429 1269 3496 ll,

204 3515 228 3580 1,
249 3516 263 3566 1
283 3512 409 3566 ‘uocetur
428 3514 572 3581 lethargus
586 3530 602 3565 a
615 3517 795 3581 consequenti
809 3517 933 3583 passioni
947 3516 1110 3580 obliuionc'¹
1130 3515 1171 3583 16,
1185 3517 1235 3568 97.
1254 3553 1271 3580 .,

205 3600 339 3665 prosequi
363 3613 402 3650 ac.
426 3598 575 3666 11‚10,ss
601 3599 666 3666 al),
688 3629 718 3638 -
737 3598 808 3652 tard.
834 3600 854 3666 l,
874 3602 899 3660 1,
922 3601 957 3652 40
981 3599 1170 3667 ‘ptarmicum,
1196 3599 1271 3664 qnod

204 3687 457 3735 sternutamentum
476 3683 528 3748 (ΙΙΙ
551 3699 572 3735 s.
590 3685 632 3747 u.)
651 3684 770 3735 dicere
790 3684 1010 3752 poterimus’,
1030 3685 1065 3752 ΙΙ,
1078 3687 1104 3751 4,
1117 3684 1151 3736 84
1170 3683 1271 3752 (od-cu·

205 3771 339 3836 tagogum
358 3787 392 3813 =
411 3767 613 3834 dentiducum),
632 3783 670 3822 ac.
689 3769 725 3833 ll,
745 3771 787 3836 10,
806 3770 840 3823 56
858 3768 963 3837 ‘passio
976 3783 1061 3835 quam
1081 3769 1178 3820 Graeci
1199 3772 1271 3818 cata-

204 3851 296 3920 lepain
315 3851 473 3920 appellant,
502 3867 552 3904 nos
571 3854 824 3920 apprehensionem
843 3853 891 3905 nel
912 3859 1123 3922 oppressionem
1143 3867 1272 3904 uocare

204 3938 323 4003 poteri
333 3937 421 4001 mus',
440 3936 511 3988 tard.
524 3936 559 4004 11,
573 3939 615 4003 11,
629 3939 678 3989 117
697 3937 908 4005 (ἀίαρῑιταςωοε
930 3937 1117 3999 discrimeuli,
1137 3936 1225 4003 111,4‚
1239 3937 1272 3990 59

205 4021 362 4087 (anodyua2
391 4019 532 4072 indoloria
550 4035 576 4072 n.
596 4020 664 4089 pl),
689 4037 727 4073 ac.
753 4019 790 4089 ΙΙ,
816 4023 859 4088 14,
878 4023 911 4075 94
936 4023 1109 4088 (apostema:
1139 4022 1270 4087 uomica),

205 4105 535 4174 28,148(dyspnoicus:
555 4104 730 4172 anhelosns),
748 4105 792 4172 38,
811 4106 861 4158 718
880 4106 914 4160 al.
934 4109 1152 4174 (sympasmutat
1175 4120 1269 4172 asper-

206 4190 316 4257 gines),
339 4189 388 4256 ΙΙΙ,
406 4190 432 4256 9,
451 4189 485 4242 98
503 4189 712 4257 (pheugydrusc
738 4190 902 4258 aquifuga),
922 4191 992 4243 tard.
1011 4190 1046 4258 Il,
1065 4191 1090 4256 1,
1110 4192 1152 4255 10,
1172 4190 1208 4241 ib.
1228 4191 1270 4259 11,

206 4271 242 4324 ih.
261 4273 303 4339 14,
322 4272 381 4341 200,
401 4273 446 4342 lV,
465 4274 489 4340 2,
508 4275 551 4340 17,
571 4289 609 4327 ac.
628 4273 663 4340 Il,
681 4275 724 4341 37,
744 4259 871 4341 raislll,
882 4276 909 4342 4,
922 4276 964 4343 47,
983 4276 1009 4341 6,
1022 4276 1096 4328 61..
1132 4274 1174 4328 01.
1192 4289 1219 4330 n.
1230 4274 1272 4327 84.

1016 4377 1067 4429 15*
