3202 5028
622 505 774 603 ...pq
826 571 878 584 .-

297 730 454 814 Relatio:
496 734 656 808 Cassiod.
688 740 725 805 in
755 755 809 826 pe.
842 734 903 826 37,
931 733 979 804 12
1013 753 1066 826 sq.
1099 731 1141 802 de
1173 755 1286 804 umora

218 881 284 928 suo
310 854 394 927 dicit
426 851 519 953 (Job.
547 854 615 947 19,
647 846 730 947 til:
772 850 922 922 holitum
951 875 1069 922 mcum
1101 851 1287 923 cohorruit

217 998 310 1046 umor
332 997 420 1044 mco.
470 969 577 1059 Quid,
605 992 701 1065 rope,
729 982 981 1042 calcaneorum
997 967 1162 1066 fastidio,
1189 969 1286 1041 dunt

217 1091 409 1164 tentiones
443 1090 516 1163 mos
549 1088 673 1162 umoris
709 1088 838 1161 caritas
871 1088 1043 1162 sustinere
1076 1110 1150 1160 oon
1186 1111 1285 1183 poa-

216 1209 389 1306 361115),
426 1251 469 1263 -
504 1212 677 1282 inhalatio
708 1210 756 1281 id.
786 1213 892 1282 anim.
922 1211 973 1281 10
999 1209 1093 1279 ‘oum
1120 1211 1286 1280 suauissi-

216 1335 284 1402 mis
307 1329 588 1401 inhalationibus
616 1330 852 1422 condiuntur',
878 1330 1033 1419 haletre,
1052 1350 1095 1400 us
1113 1329 1161 1400 M.
1183 1327 1286 1420 Cap,

218 1451 411 1541 inhalatus,
439 1469 481 1520 us
508 1451 600 1540 App.
629 1445 631 1450 ’

220 1663 475 1676 m—

320 1811 525 1864 baess'taotcr
544 1812 581 1883 C,
601 1841 631 1851 -
652 1811 827 1862 bemitritis
845 1813 887 1880 A,
908 1837 938 1852 ·-
962 1811 1203 1866 herediiieere
1230 1814 1287 1882 A'3

322 1925 353 1936 ..
372 1898 505 1949 posim„
524 1900 565 1964 (1)
586 1898 626 1965 A3
645 1925 678 1935 -
696 1896 863 1963 bireipcna
881 1896 921 1965 B,
940 1923 974 1936 ·-
991 1896 1182 1948 historiola
1200 1897 1287 1966 A,-

320 1981 527 2050 boloebrpsus
544 1982 598 2036 edi.
617 1982 654 2035 ib.

288 2118 336 2183 15)
354 2119 439 2170 Dum
457 2117 662 2172 coniunctionis
679 2118 708 2169 in
723 2114 802 2172 ‘cum’
814 2119 879 2171 iura
895 2121 1098 2188 transgressae,
1115 2114 1288 2184 usqueadeo

219 2205 252 2254 nt
271 2206 299 2254 et
315 2204 378 2272 ipsa
396 2221 457 2258 cum
477 2205 563 2257 coni.
581 2203 721 2272 imperi.
740 2203 865 2256 construi
883 2202 997 2271 soleret,
1010 2204 1132 2271 uestigia
1143 2203 1199 2254 iam
1213 2199 1289 2270 apud

220 2286 361 2356 Augustei
374 2290 438 2342 aeui
451 2290 601 2357 scriptores
619 2303 685 2341 rara
702 2288 839 2355 quaedam
858 2292 979 2353 exstant,
997 2288 1082 2357 pluro
1099 2286 1212 2354 quidem
1231 2301 1288 2340 ma·

220 2374 372 2442 nuseriptis
384 2375 413 2425 in
427 2373 507 2427 libris
521 2373 725 2440 delitescentia,
738 2374 834 2440 aliqua
846 2373 880 2426 ab
898 2372 1053 2426 editoribus
1067 2386 1179 2439 qnoque
1192 2385 1288 2438 qnam·

219 2457 264 2508 uis
291 2459 389 2511 inuitis
418 2459 524 2512 relicta.
561 2457 623 2525 Qua
651 2458 684 2510 de
711 2473 742 2511 re
768 2458 842 2510 adiri
867 2462 961 2527 potest
985 2457 1016 2511 bl.
1041 2457 1189 2510 Hoffmann
1217 2455 1288 2508 (lon-

222 2541 361 2595 struotion
381 2543 430 2596 der
449 2544 545 2596 latein.
564 2542 778 2611 Zeitpartilreln,
799 2542 1013 2608 vindob1860,
1040 2558 1066 2610 p.
1084 2541 1214 2605 99-101,
1240 2540 1290 2605 qui

221 2624 297 2678 locos
316 2629 397 2680 affert
414 2628 490 2682 Liuii
508 2655 541 2666 -
559 2645 587 2682 u.
606 2643 628 2681 o.
647 2627 669 2694 1,
688 2629 731 2696 40,
751 2630 764 2680 i
785 2627 875 2681 ‘dum
899 2629 1023 2679 intentus
1049 2628 1080 2678 in
1105 2640 1169 2678 enm
1188 2638 1290 2677 sorex

223 2713 298 2764 totns
317 2717 503 2779 auerteret,
526 2713 598 2765 alter
620 2711 723 2764 elatam
742 2713 861 2764 securim
879 2713 909 2762 in
928 2715 1012 2780 caput
1030 2710 1138 2762 deiecit'
1158 2735 1200 2777 -,
1219 2707 1289 2760 Ver·

223 2795 289 2863 gilii
309 2795 427 2865 (Georg.
446 2797 495 2864 IV,
513 2798 588 2863 15¹1),
608 2797 710 2863 Vellei,
723 2795 786 2849 Vel.
805 2797 878 2850 Max.
897 2795 960 2866 eli,
982 2797 1015 2848 c1.
1037 2793 1236 2848 Weissenborn
1255 2793 1290 2845 ad

221 2878 282 2932 biu.
301 2879 320 2932 l.
339 2881 369 2947 l.,
390 2877 520 2934 Kiihnast
537 2882 714 2935 Livianisohe
740 2881 858 2950 syntax,
886 2880 1012 2934 Berolini
1030 2881 1107 2948 1872,
1133 2895 1161 2948 p.
1180 2879 1231 2932 236
1248 2891 1290 2944 sq.

221 2961 352 3017 Nondum
372 2966 486 3031 quidem
505 2967 656 3020 subsecuta
673 2967 725 3019 hoe
744 2973 820 3019 aetas
834 2967 1003 3035 scriptorum
1017 2967 1046 3017 iu
1060 2962 1290 3018 consuetudinem

222 3049 335 3101 uidetur
354 3052 474 3104 uertisse
492 3053 593 3120 istam,
620 3052 645 3104 si
673 3050 790 3104 dicenda
807 3055 865 3120 est,
889 3051 1069 3117 abusionem,
1088 3050 1193 3118 qnippe
1211 3049 1291 3100 cuius

222 3133 274 3185 uix
293 3133 352 3186 ulla
370 3151 426 3188 non
445 3136 528 3190 modo
542 3136 616 3204 apud
629 3135 757 3188 Tacitum
772 3136 938 3189 Suetonium
950 3135 1073 3198 Florum,
1095 3133 1145 3186 sed
1162 3147 1197 3185 ne
1216 3130 1292 3201 apud

222 3217 395 3287 Appuleium
416 3220 530 3287 quidem
550 3222 647 3274 eiusne
666 3220 797 3287 aequales
817 3225 973 3290 appareant
997 3218 1135 3287 exempla.
1173 3219 1211 3270 At
1238 3219 1292 3268 ire·

222 3308 342 3368 quanter
360 3306 385 3356 ei
404 3305 555 3375 indulgent
572 3321 639 3358 sorr.
658 3305 728 3358 Hist.
743 3306 863 3374 August.
883 3306 952 3370 (seo.
971 3304 1009 3356 IV
1027 3305 1089 3368 in),
1109 3304 1179 3356 Aur.
1195 3301 1291 3354 Victor

223 3389 307 3448 (atis
326 3390 375 3454 qui
395 3389 548 3444 ‘Caesares’
567 3392 637 3443 etis
656 3395 704 3457 qui
723 3392 866 3459 epitomen
893 3389 927 3442 da
956 3388 1124 3441 Caesaribus
1153 3387 1291 3454 conscrip-

223 3472 293 3541 sit),
313 3473 480 3528 Ammianus
498 3475 693 3543 Marcellinus,
713 3477 825 3544 saepius
846 3480 939 3527 temen
959 3473 988 3526 hi
1008 3487 1121 3540 quoque
1139 3473 1292 3541 pristinum

222 3571 255 3608 ac
272 3557 438 3611 sollemnem
457 3560 612 3628 particulae
631 3561 730 3629 huius,
749 3565 781 3612 ut
799 3559 979 3627 temporalis,
1009 3559 1189 3612 construendi
1208 3572 1292 3610 usum

222 3642 299 3706 (oum
318 3643 470 3697 iudicatino
490 3646 646 3713 praesentis
664 3650 714 3698 aut
730 3649 806 3697 certe
825 3660 887 3697 cum
906 3644 1002 3711 aliquo
1019 3643 1187 3706 indicetiuo)
1200 3655 1291 3694 reser-

223 3732 331 3794 uantes,
350 3757 382 3768 -
401 3743 425 3781 e.
444 3744 480 3784 c.:
502 3730 591 3798 Capit.
611 3731 696 3784 Gord.
714 3731 757 3796 31,
777 3729 792 3780 1
812 3730 889 3780 dum
911 3732 972 3780 bueo
989 3736 1169 3794 operentur,
1188 3727 1293 3792 Scytha-

222 3829 282 3863 rum
298 3829 343 3863 rac
356 3813 525 3880 finitimorum
542 3831 621 3882 repca
638 3817 767 3875 uastabat,
785 3815 896 3884 Lampr.
917 3813 1025 3882 Heliog.
1044 3812 1088 3880 25,
1106 3811 1133 3878 8,
1153 3810 1292 3876 Alex.1³,

222 3895 239 3945 2
258 3898 334 3962 (cnm
352 3900 411 3953 ind.
429 3914 521 3968 praes.
541 3900 651 3969 Lampr.
672 3901 754 3955 Alex.
772 3901 815 3968 18,
833 3901 859 3968 4,
879 3900 971 3968 Spart.
989 3897 1073 3950 Hadr.
1091 3897 1134 3964 14,
1152 3899 1178 3962 5,
1197 3896 1293 3948 Seuer.

222 3983 249 4048 2,
266 3983 293 4050 4,
313 3981 402 4052 Capit.
422 3985 525 4037 Antan.
545 3985 617 4038 Phil.
636 3986 740 4053 1213,
761 3986 904 4038 Maximis.
923 3984 949 4051 3,
968 3983 994 4050 S,
1014 3983 1088 4034 Max.
1107 3980 1185 4036 Balb.
1212 3980 1238 4048 8,
1266 3978 1292 4046 2,

224 4065 347 4122 Trebell.
368 4067 486 4122 Gallien.
506 4071 547 4138 11,
567 4071 591 4138 1,
612 4069 723 4139 Vopiee.
743 4069 808 4122 Tac.
829 4068 899 4138 2,1,
920 4067 1106 4136 o.ind.per1.
1125 4066 1217 4135 Spart.
1236 4063 1293 4118 Jul.

223 4151 250 4216 6,
267 4152 307 4220 3),
327 4179 359 4192 -
379 4152 450 4207 Viet.
470 4153 549 4208 Caes.
567 4154 609 4221 33,
629 4156 661 4207 11
683 4154 793 4205 Corinnae
811 4192 817 4205 .
836 4191 851 4212 .,
869 4155 931 4207 dum
956 4152 1036 4204 olom
1062 4152 1141 4202 acide
1163 4156 1295 4218 promeret,

224 4251 328 4287 morum
345 4229 397 4288 ἐστὶι
416 4238 518 4298 latomia,
536 4239 663 4306 adeoque
680 4255 703 4292 c.
722 4240 792 4292 coni.
805 4239 928 4308 plusqpi.
941 4238 986 4307 42,
1005 4236 1038 4289 16
1056 4253 1068 4288 c
1087 4254 1136 4303 quo
1154 4233 1293 4304 (pedestri

224 4322 403 4390 magisterio)
423 4324 485 4375 dom
503 4323 581 4376 ultim
593 4362 618 4376 ..
635 4325 811 4378 eorecmdiscct
828 4322 1001 4391 (Siluanus),
1020 4323 1183 4373 obtruncatus
1200 4328 1241 4379 os,
1259 4319 1294 4374 ci.

1054 4423 1089 4478 ὅθ
