3202 5028
635 503 889 576 ..7...

228 709 301 806 ipse
327 707 454 780 allator
477 706 631 804 prandii
654 706 703 778 uel
728 707 912 804 coquinam
938 757 974 778 ..
1002 703 1166 780 sollieitus
1192 706 1298 782 udeli-

226 827 282 900 eit
306 850 467 900 naerens.

206 1103 265 1146 s
304 1057 524 1142 *alletlllet'
567 1064 788 1155 pronominis
823 1065 937 1134 instar
975 1066 1149 1157 reciproci
1179 1061 1298 1160 (ἀλλή-

226 1178 309 1277 λων)
343 1191 416 1254 tam
448 1184 671 1254 snbstantias
704 1203 768 1272 pro
801 1180 906 1250 ‘inter
937 1183 986 1252 so'
1019 1183 1076 1253 usi
1108 1179 1298 1275 inuisam,

226 1323 333 1394 quam
362 1302 553 1391 adieetiue,
579 1303 629 1370 ita
656 1305 692 1368 ut
720 1302 764 1370 sit
791 1321 825 1390 q.
851 1306 1007 1392 mutuus,
1035 1301 1218 1373 abusionis
1244 1324 1298 1372 rs·

226 1423 423 1491 cantiorum
449 1423 486 1490 in
513 1421 670 1490 Historia
696 1421 939 1490 ecclesiastiea
965 1423 1142 1512 tripartita
1172 1415 1295 1515 (quam

227 1539 434 1608 translatam
463 1537 512 1606 de
531 1558 664 1628 graeco
690 1557 756 1630 per
774 1539 1017 1630 Epiphaniam
1036 1540 1297 1610 Soholastioum

228 1679 251 1726 a
277 1656 510 1747 cassiodoro,
544 1659 643 1726 ouius
677 1658 769 1725 inter
795 1660 927 1748 scripta
954 1658 1124 1747 habetur,
1158 1661 1298 1726 eonstat

230 1795 309 1844 esso
337 1769 482 1868 editam)
512 1776 666 1844 maximo
693 1777 941 1865 frequentatas
968 1776 1132 1867 exempla
1159 1795 1202 1844 ox
1227 1775 1297 1844 hae

229 1895 454 1983 potissimum
475 1893 623 1962 oolleeta
643 1895 805 1984 apposui
834 1898 1052 1965 anteriorum
1072 1894 1193 1984 aliqua
1218 1894 1298 1963 sub·

226 2013 312 2081 isai:
357 2012 448 2082 Hist.
481 2013 562 2101 trip.
595 2012 630 2100 1,
657 2010 704 2080 11
742 2033 786 2080 ne
820 2033 853 2080 se
886 2001 1298 2082 ulter·utrura=²nuelos

227 2125 400 2208 uiderent,
428 2129 477 2199 13
504 2126 623 2198 delere
641 2151 703 2198 nos
723 2182 731 2200 .
752 2128 968 2210 alterutris,
997 2152 1086 2223 quae
1103 2126 1204 2223 apuol
1219 2127 1293 2200 sin-

223 2245 324 2339 yulos
350 2257 526 2339 ementur,
557 2245 759 2327 insinuare,
792 2249 841 2319 19
868 2246 965 2319 nolis
990 2246 1085 2318 inter
1111 2246 1298 2319 alterutros

220 2386 293 2457 pro
313 2363 539 2458 perieulis..
565 2363 845 2438 contendentibus
864 2365 986 2446 causis,
1017 2374 1051 2438 et
1068 2369 1118 2438 ib.
1146 2358 1297 2462 aliqluo·

226 2476 322 2580 ties),
341 2484 385 2576 ll,
403 2485 429 2556 4
455 2480 538 2576 quia
558 2482 754 2578 pessimum
774 2538 782 2556 .
803 2538 812 2556 .
830 2483 1021 2565 uideretur,
1049 2493 1090 2554 ut
1116 2481 1311 2556 destruetis*

226 2598 408 2702 hostibus.
437 2655 445 2672 .
472 2600 662 2674 sacerdotes
697 2602 885 2673 alterutros
918 2601 1161 2674 incolerentur
1195 2612 1297 2695 atque

227 2717 498 2814 confunderent,
526 2723 573 2793 ib.
602 2723 686 2812 inl,
720 2722 740 2793 7
768 2724 840 2814 bis,
872 2723 936 2814 ΠΙ,
968 2722 1018 2792 10
1038 2730 1119 2814 post
1144 2719 1229 2790 leaeo
1254 2718 1296 2790 ab

227 2835 406 2909 alterutris
433 2835 670 2920 discesserunt,
698 2838 752 2910 illi
778 2838 919 2933 pelidem
944 2851 984 2910 nt
1004 2895 1012 2910 .
1033 2890 1061 2927 .,
1088 2836 1297 2908 Aleuunder

226 2965 343 3026 autern
367 3011 375 3027 .
397 3009 430 3036 .,
458 2959 507 3029 ib.
534 2960 611 3050 inl,
637 2959 682 3050 V,
716 2960 766 3029 10
792 2982 872 3030 eune
901 2957 973 3029 illie
1004 2957 1130 3029 belluna
1159 2956 1297 3052 suspires

225 3071 319 3144 inter
359 3075 546 3160 alterutros
587 3090 806 3158 eaereereut,
848 3075 949 3148 enode
989 3075 1064 3156 isti,
1105 3074 1207 3147 ruodo
1246 3074 1300 3147 illi

225 3191 372 3264 uiatores
399 3216 465 3264 esse
497 3192 724 3276 uidebantur,
760 3197 809 3268 16
836 3190 945 3289 neque
971 3193 1143 3266 Arimino
1170 3217 1296 3265 conue-

226 3309 358 3383 nientes
397 3311 574 3385 alterutris
620 3312 728 3406 [inter
762 3314 811 3408 se]
858 3337 1049 3386 consonare
1087 3324 1295 3408 potuerunt,

226 3432 288 3522 vl,
307 3432 354 3502 11
375 3454 457 3500 eune
475 3430 670 3513 alterutros,
699 3443 738 3503 ut
763 3431 865 3528 uulpi
885 3430 995 3503 neoris
1014 3442 1070 3514 est,
1092 3430 1295 3511 eaeitareut,

224 3550 296 3641 ΙΧ,
333 3550 382 3621 34
421 3546 583 3648 (lapides)
621 3550 778 3646 inpentes
812 3562 845 3622 et
875 3549 1056 3622 alterutris
1081 3547 1223 3645 illipati,
1252 3552 1297 3642 V,

227 3667 277 3738 34
302 3664 479 3766 pluuias),
499 3670 562 3762 VI,
590 3671 637 3741 29
666 3678 700 3742 ot
727 3672 788 3764 30,
808 3673 884 3764 vn
914 3677 949 3764 9,
977 3672 1039 3762 16,
1067 3670 1128 3762 23,
1155 3671 1219 3762 ΙΧ,
1247 3666 1295 3740 12

227 3793 262 3856 st
287 3787 355 3879 19,
382 3790 436 3878 Χ,
466 3788 500 3879 7,
527 3791 596 3882 ΧΙ,
624 3792 671 3862 11
703 3793 774 3882 bis,
801 3793 886 3883 ΧΙΙ,
915 3791 937 3863 6
966 3792 1044 3882 (al,
1072 3811 1106 3882 q.
1134 3793 1297 3882 uterque,

225 3907 254 3996 1,
281 3906 328 3978 13
356 3904 551 3977 multarunt
577 3907 719 3979 dierum
744 3908 811 3979 iter
838 3919 886 3979 est
912 3907 1067 3979 locorum
1093 3904 1205 3977 medio
1225 3929 1295 4001 pe-

224 4021 389 4117 sitorum,
427 4048 493 4119 quo
525 4025 664 4121 elepebut
695 4027 873 4109 alteruter,
909 4031 952 4100 of.
981 4030 1086 4120 Vulg.
1116 4027 1206 4100 Gon.
1235 4026 1297 4118 13,

225 4136 311 4238 11),
350 4185 384 4194 ψ
428 4147 462 4236 Ι,
499 4147 545 4216 11
584 4169 663 4216 eum
697 4148 859 4218 nannieno
894 4145 1077 4241 dilipentia
1114 4139 1297 4242 (monaehi

227 4255 409 4361 Aegyptii)
442 4287 508 4356 per
540 4263 785 4336 antecessionem
816 4263 1018 4338 traditionis
1056 4264 1299 4336 alterutrae
