3208 5030
731 485 1003 555 —176-

336 698 425 759 rant
449 686 595 781 qnidam
621 684 803 757 naaliaait
830 681 969 755 Abram
996 683 1236 778 transplaaiali
1263 685 1402 776 [Vulg.:

336 811 471 880 Abram
499 809 706 906 Hebraeo),
724 808 760 876 it.
790 809 882 897 Aug.
911 827 993 897 qua.
1022 807 1058 875 in
1086 805 1189 896 Hept.
1217 805 1244 895 I,
1274 805 1331 874 29.

414 1000 734 1104 itanssstetslltlllsz
766 1009 918 1077 Primas.
946 1009 983 1075 in
1002 1009 1113 1097 Apoa.
1133 1005 1192 1096 III,
1219 1004 1264 1074 ad
1293 1027 1322 1075 c.
1351 1005 1401 1074 10

330 1137 509 1222 porrectae
543 1124 756 1221 credulitatis
786 1122 1101 1218 transpressibilera
1140 1122 1310 1216 repellam,
1353 1163 1399 1176 -

333 1269 436 1338 gan:
481 1247 865 1337 intransgressibilem,
906 1245 1000 1336 quod
1028 1243 1242 1314 uocabulum
1269 1242 1404 1313 habent

336 1369 526 1456 Angustia.
556 1367 718 1456 aliiqua'

410 1556 618 1642 transilito:
660 1567 749 1655 Aug.
778 1568 814 1634 in
849 1586 901 1656 pa.
931 1566 991 1657 38,
1021 1565 1041 1635 2
1071 1574 1118 1635 est
1143 1563 1226 1633 lsaec
1253 1560 1402 1633 ascensio

333 1697 364 1756 et
389 1683 455 1756 ista
473 1682 660 1754 transilitio
679 1707 752 1753 aon
771 1681 929 1777 pedibas,
955 1706 1026 1754 aaa
1046 1681 1155 1762 scalis,
1175 1705 1248 1751 raca
1258 1680 1402 1776 perena.

410 1879 625 1963 transilitor:
668 1884 828 1957 Cassiod.
871 1889 907 1954 in
945 1907 998 1978 ps.
1034 1870 1082 1956 38
1123 1908 1157 1976 p.
1199 1885 1273 1954 131
1317 1885 1402 1956 Gar.

335 2002 545 2076 Hebraeum
577 2026 704 2075 aomea
737 2013 793 2089 est,
834 2001 926 2095 qaod
955 2002 1078 2099 liapaa
1110 1999 1247 2072 Latina
1272 2000 1404 2071 dieitur

335 2121 545 2203 transilitor,
573 2125 620 2194 ib.
649 2124 710 2192 inf.
730 2145 764 2213 p.
785 2121 872 2212 132,
899 2123 946 2192 ib.
965 2126 1002 2194 in
1029 2148 1064 2193 u.
1087 2123 1107 2195 7
1127 2127 1162 2192 et
1180 2122 1202 2191 9
1221 2130 1256 2191 et
1275 2123 1402 2210 conal,

333 2248 370 2314 in
397 2266 450 2336 ps.
487 2243 546 2332 76,
581 2243 600 2311 1
636 2243 702 2332 al,
736 2279 784 2289 -
813 2242 856 2310 cf.
896 2245 1143 2314 transilitas
1181 2247 1273 2332 part.
1309 2241 1399 2331 perf.

336 2361 496 2434 Cassiod.
524 2363 560 2430 in
587 2381 640 2451 ps.
670 2360 730 2450 33,
759 2362 781 2429 6
815 2357 1010 2453 ‘perpende
1043 2359 1136 2452 qnod
1169 2360 1327 2430 Hebraei
1354 2359 1402 2429 al·

334 2482 480 2574 phabeti
508 2482 553 2548 sit
578 2479 682 2550 litera
708 2480 898 2570 transilita,
926 2501 990 2570 pro
1011 2485 1110 2550 sexta
1130 2481 1224 2548 anim
1252 2480 1403 2568 septima
1504 2473 1507 2480 '

334 2604 450 2692 posita
478 2598 540 2668 est'
568 2591 682 2666 al.³⁷²l
1184 2599 1186 2606 '

672 2663 679 2689 Ι
689 2651 697 2666 0

335 2815 588 2825 --.-..—..--..--

437 2946 673 3012 transibilieG3
693 2975 725 2985 ·-
744 2947 949 2997 *translatio
969 2949 1004 2997 Α.

323 3071 325 3074 ’
404 3083 438 3136 37
445 3090 471 3148 ²)
490 3083 687 3136 Insolenticris
707 3081 791 3133 huius
806 3079 963 3132 declinandi
976 3081 1084 3134 formae
1098 3083 1202 3135 mentio
1214 3096 1310 3134 ansam
1323 3095 1402 3148 prae·

336 3165 398 3220 buit
410 3168 544 3236 pauculas
559 3167 693 3234 quasdam
707 3165 880 3234 pertinentes
894 3164 928 3215 ad
942 3166 1108 3220 elocutionis
1121 3166 1320 3219 Cassiodorese
1332 3165 1402 3216 idic-

340 3253 438 3305 tismos
458 3251 643 3320 expromendi
663 3251 883 3304 obseruationes.
915 3249 950 3301 Et
966 3252 1096 3320 inprimis
1116 3252 1227 3318 quidem
1248 3254 1402 3302 memoratu

338 3337 424 3404 digna
442 3339 528 3390 fuerit
547 3337 717 3390 constructio
740 3350 780 3386 cu
793 3351 817 3385 m
844 3335 969 3386 inlini
981 3339 1065 3389 tino
1085 3363 1114 3374 -
1135 3337 1304 3389 insolentior
1322 3335 1402 3400 alias,

337 3421 462 3474 crebrior
490 3427 582 3474 antem
612 3421 685 3490 apud
712 3422 796 3472 istum
824 3420 991 3486 script-orem
1020 3449 1052 3459 -—
1081 3423 1188 3474 formae
1216 3421 1403 3488 passiuae

339 3504 489 3558 uerborum
509 3506 648 3558 sentiendi
667 3504 713 3557 uel
734 3505 892 3556 declarandi
917 3521 979 3557 cum
998 3506 1134 3574 aliorum,
1163 3511 1220 3558 tam
1249 3507 1309 3556 eius
1335 3517 1360 3568 q.
1380 3517 1404 3556 e.

337 3590 512 3656 probari:
541 3592 570 3642 in
597 3607 638 3659 ps.
657 3591 707 3658 34,
733 3590 765 3642 26
785 3587 834 3657 ‘ul,
854 3592 900 3656 qui
922 3590 990 3641 dare
1009 3596 1125 3643 uenerat
1143 3591 1262 3642 salutem
1282 3590 1403 3642 humano

337 3677 445 3743 generi,
465 3675 499 3727 ab
518 3677 625 3728 insanis
645 3680 673 3727 et
691 3674 807 3742 perfidis
826 3675 994 3741 probaretur
1014 3675 1121 3742 oecidi’,
1140 3673 1342 3743 in56,13‘qni
1362 3688 1404 3723 ca·

337 3765 390 3828 pat
408 3764 435 3812 et
454 3762 512 3812 dux
531 3755 664 3841 acclesiae
682 3755 819 3827 probatur
837 3758 978 3828 intelligi',
998 3761 1027 3811 in
1048 3762 1110 3827 117,
1129 3762 1163 3813 30
1185 3760 1239 3812 ‘hic
1256 3773 1356 3811 uersas
1375 3760 1404 3808 in

339 3846 429 3914 capita
448 3846 549 3912 psalmi
569 3845 704 3912 probatur
723 3857 785 3894 esse
804 3844 860 3894 iam
879 3842 987 3911 dictus’,
1007 3845 1037 3896 in
1050 3845 1100 3897 125
1113 3860 1135 3896 s.
1149 3846 1167 3896 f.
1182 3845 1312 3910 ‘denique
1331 3835 1404 3911 psal-

337 3945 399 3982 mus
412 3932 473 3998 ipse
486 3931 541 3981 iam
556 3944 611 3981 non
623 3930 746 3980 laturam
767 3927 954 3996 prophetiam,
975 3929 1022 3980 sed
1043 3929 1136 3996 ipsum
1155 3930 1277 3982 fructum
1296 3928 1404 3980 uentris

338 4013 486 4066 ostendere
513 4013 730 4080 comprobatur',
759 4014 788 4064 in
814 4007 857 4081 91,
886 4014 917 4064 12
943 4011 1024 4079 ‘qnae
1048 4013 1175 4080 (cedrus)
1194 4014 1283 4066 multo
1302 4013 1404 4081 palmis

338 4098 474 4167 probatur
494 4099 651 4164 excelsior',
670 4099 699 4148 in
719 4100 760 4163 75,
779 4098 804 4164 3,
824 4099 867 4167 88,
887 4099 929 4164 50,
950 4099 1007 4168 103,
1027 4100 1069 4153 30.
1087 4101 1129 4167 31,
1149 4101 1208 4163 106,
1228 4100 1270 4166 10,
1290 4100 1348 4165 107,
1362 4097 1404 4163 24,

338 4185 398 4251 131,
418 4187 433 4236 5
452 4182 488 4236 al.
507 4184 555 4249 (cl.
576 4181 651 4236 coel.
670 4168 744 4236 Aur.⁸
759 4183 829 4234 tara.
848 4182 884 4246 ΙΙ,
904 4183 929 4249 1,
948 4184 983 4235 60
1001 4183 1163 4236 ‘Thessalus
1187 4183 1309 4236 secando
1332 4181 1405 4234 libro

340 4267 373 4322 ds
392 4267 499 4337 regulis
519 4265 646 4320 scribens
665 4267 788 4336 plurima
806 4271 881 4319 recte
900 4267 1006 4320 dixisse
1025 4267 1178 4337 probatur’,
1197 4269 1219 4336 I,
1238 4271 1263 4336 4,
1275 4269 1318 4336 61,
1332 4272 1404 4320 aaut.
