3208 5030
736 509 1011 610 ...196-

341 735 467 786 -erro,
486 723 560 774 ouis:
579 721 613 773 of.
633 719 668 772 ed
686 721 738 786 ιι.),
757 707 879 788 sescla,
908 706 1046 770 ctatella
1068 721 1116 783 (ef.
1138 736 1208 774 rece.
1227 721 1334 788 uitilla,
1360 723 1408 774 be-

341 823 434 891 sella),
451 808 631 872 clauiculus
654 807 813 889 (clauus),
828 807 1019 888 lauriculue,
1041 807 1182 871 luricula
1212 823 1261 889 (ad
1282 823 1351 876 haee
1369 825 1406 876 ef.

341 926 367 978 Δ
392 941 419 977 n.
437 925 472 978 to
489 941 516 994 p.
532 927 597 995 to),
622 954 654 964 -
684 909 871 992 abuxtula,
893 911 1052 992 gemella;
1076 943 1115 955 -
1139 908 1321 974 crudaster.

494 1077 536 1130 cf.
563 1077 647 1129 etiem
673 1091 761 1144 supra
786 1092 813 1128 u.
837 1077 881 1145 37,
909 1075 980 1129 An.
998 1077 1041 1145 27,
1068 1075 1106 1128 ιι).
1124 1091 1152 1128 ιι.
1169 1076 1203 1128 56
1221 1075 1270 1140 (de
1287 1076 1409 1144 signif),

493 1188 524 1200 -
545 1162 566 1214 B
585 1179 611 1215 n.
631 1161 673 1228 28,
693 1161 727 1214 O·
744 1176 771 1214 n.
789 1162 822 1230 ³3
842 1189 873 1200 ·-
892 1162 994 1215 demin.
1012 1175 1134 1227 compar.
1154 1160 1408 1228 Bsitr,111n.1t;

494 1273 526 1286 -
544 1245 579 1298 ed
598 1246 762 1300 ‘erudaster'
781 1262 868 1315 supra
885 1263 913 1299 n.
932 1248 973 1299 10.

426 1399 611 1482 temptetis:
628 1401 848 1483 aequiportio,
864 1401 1055 1464 armifactor
1073 1416 1122 1479 (et.
1135 1416 1157 1467 Β
1171 1431 1198 1469 n.
1211 1416 1251 1483 2),
1269 1399 1409 1462 aurifos-

340 1522 406 1582 sor,
422 1504 602 1586 dulcisapa,
619 1504 831 1584 equistrator,
842 1503 1052 1582 insanifusor,
1066 1503 1257 1585 napocaulis
1274 1500 1304 1561 A
1319 1520 1344 1563 s.
1361 1520 1407 1581 u,

339 1607 590 1688 primogenitos,
602 1589 852 1688 primogenitus,
862 1626 895 1687 u,
903 1624 1105 1687 rapauapue,
1117 1602 1292 1683 saccomel,
1304 1601 1409 1664 sarei-

340 1711 457 1789 tector,
481 1709 689 1787 scenifactor,
712 1707 908 1788 semialpha,
923 1708 1137 1769 semiantrum
1147 1704 1202 1786 ⁴⁶),
1218 1704 1407 1786 triporticus

342 1824 393 1888 (ef.
411 1824 446 1876 ad
467 1825 524 1890 u),
552 1809 785 1891 uentricultor3
824 1807 1013 1871 coalumna
1041 1822 1089 1886 (ef.
1109 1823 1130 1874 Β
1149 1838 1177 1875 n.
1195 1823 1240 1889 5),
1278 1823 1408 1867 coema-

340 1914 403 1992 tor,
425 1915 629 1994 coapostata,
652 1912 837 1992 coarianus,
860 1911 1097 1991 cohaereticos,
1112 1909 1337 1988 coidololatra,
1352 1924 1408 1968 eo·

408 2250 456 2315 16)
475 2248 583 2302 Semi·
602 2249 663 2314 (uel
682 2249 804 2314 sesqui)
823 2247 951 2314 praefixe
968 2247 1195 2300 substantiae
1216 2247 1403 2301 substantiae·

340 2335 397 2388 lem
424 2349 504 2388 suem
533 2334 590 2387 uim
618 2338 765 2387 reseruent
791 2334 930 2401 integram
958 2335 988 2396 u)
1007 2335 1046 2384 ita
1069 2334 1260 2402 potissimum,
1288 2335 1312 2384 ei
1339 2336 1407 2384 sunt

340 2434 583 2473 mensurarum
610 2419 656 2470 uel
683 2421 744 2472 sim.
768 2418 919 2482 uocabula,
945 2422 976 2469 ut
1002 2420 1196 2487 simiiugerum
1216 2419 1405 2484 (sesquiiuge-

339 2507 432 2572 rum),
459 2507 579 2574 semipes
601 2502 694 2571 Vara,
720 2503 807 2557 Soliu.
825 2504 868 2572 27,
891 2505 938 2568 51,
956 2504 1004 2570 34,
1023 2504 1053 2572 3,
1073 2508 1170 2572 postt,
1190 2532 1221 2542 -
1245 2503 1292 2556 sed
1319 2503 1404 2554 etiam

340 2589 371 2652 b)
390 2590 456 2652 illo,
476 2604 531 2657 quo
551 2590 734 2642 semiantrum
753 2587 933 2658 dictumest,
953 2589 1051 2656 modo,
1078 2590 1118 2639 ita
1145 2590 1278 2640 nimirum
1296 2591 1328 2640 ut
1345 2602 1404 2639 uox

340 2677 460 2744 speciem
481 2674 621 2742 quendam
639 2674 686 2726 uel
705 2674 838 2740 figuram,
857 2679 889 2725 ut
907 2675 946 2724 ita
964 2673 1078 2742 loquar,
1102 2677 1308 2742 repraesentet,
1332 2686 1405 2739 quae

340 2760 392 2813 sub
411 2766 554 2828 aspectum
568 2760 648 2811 eadat
660 2759 815 2825 dimidiata,
830 2761 861 2810 ut
873 2759 1021 2812 semiorbis
1039 2760 1112 2824 Seu,
1130 2759 1301 2825 semisphaera
1320 2756 1404 2809 Aldh.

340 2844 479 2912 Exempla
497 2846 520 2895 si
541 2846 603 2909 quis
623 2843 705 2910 plura
723 2845 843 2908 requirit
861 2842 929 2895 heac
947 2843 1062 2896 habeto:
1083 2845 1112 2908 a)
1126 2842 1267 2895 semihora
1283 2843 1403 2908 (sesqui-

340 2928 411 2981 hora
424 2928 495 2980 Plin.
510 2931 579 2996 ep),
593 2927 767 2991 sefmi)lihre
780 2928 986 2994 (sesquilibra),
1006 2928 1217 2992 se(mi)modius
1236 2929 1404 2993 (sesquimo-

340 3012 426 3076 dius),
439 3012 580 3070 sonuerat,
591 3011 719 3062 seruititra
732 3013 785 3076 (ita
797 3012 879 3079 plene
894 3015 966 3080 App,
980 3013 1081 3080 heth),
1099 3011 1246 3062 semicoctae
1264 3013 1403 3078 (sesquio-

287 3105 290 3112 '
341 3097 445 3165 holus),
464 3097 585 3155 tumidus,
603 3096 659 3148 alie
677 3097 768 3165 plura,
794 3097 825 3163 b)
844 3096 1096 3164 semicanaliculus,
1116 3097 1342 3163 semifastigium,
1362 3111 1403 3147 se-

338 3181 465 3252 mileter,
485 3184 700 3248 semimetopion
719 3185 805 3247 (quae
824 3188 889 3233 sunt
912 3182 1010 3248 Vita),
1030 3181 1222 3233 semicirculus
1241 3187 1285 3249 pA
1305 3183 1404 3243 (etiam

338 3269 418 3336 edi),
437 3266 574 3334 semicaper,
591 3267 782 3325 semidiameur,
798 3266 944 3326 semimitra,
961 3268 1122 3334 semispatho,
1141 3293 1172 3304 -—
1191 3266 1314 3334 Augusti
1333 3281 1404 3318 aeuo

339 3355 465 3404 anterius
484 3355 535 3405 uix
554 3353 659 3420 ullum,
682 3354 736 3404 nisi
757 3359 849 3404 tamen
869 3353 1048 3420 semipieeine
1067 3351 1161 3418 Vara,
1186 3351 1348 3404 semilixula
1365 3351 1403 3402 id.

339 3436 492 3500 (declinata
512 3439 587 3489 uocis
603 3439 812 3490 terminatione:
832 3440 1045 3506 semicinctium,
1060 3437 1250 3501 semifunium,
1265 3436 1403 3488 scurrilate·

338 3523 437 3583 rium),
474 3521 544 3572 Nem
565 3528 656 3573 cetero
675 3525 734 3574 fere
753 3523 993 3576 substantiuorum
1017 3537 1121 3590 genera
1146 3523 1209 3588 ipse
1235 3537 1296 3572 eum
1321 3522 1403 3571 semi-

339 3606 544 3671 compoeitioue
572 3607 641 3668 (non
670 3607 808 3658 declinato
837 3607 921 3658 simul
948 3608 1018 3672 fine)
1046 3608 1227 3658 adieetiue
1253 3605 1334 3656 fieri
1362 3605 1403 3655 ui-

339 3688 440 3741 dentur
460 3688 702 3756 (semibouemque
721 3692 814 3743 uirium
835 3692 1056 3757 semiuirumque
1077 3691 1186 3759 bouem,
1205 3690 1404 3742 semihomines

340 3774 495 3827 Centauros
515 3773 582 3840 οιι.,
610 3776 790 3841 semigraecis
819 3776 979 3842 pastoribus
1000 3775 1095 3844 Vara,
1124 3778 1190 3827 anui
1217 3775 1403 3827 semisomnes

339 3859 440 3928 Plaut,
455 3900 460 3914 .
476 3861 507 3927 .),
528 3863 656 3926 quamuis
676 3861 738 3926 ipsa
756 3873 876 3928 quoqne,
898 3865 928 3912 ut
946 3861 1003 3912 alia
1021 3861 1168 3926 adtentius,
1193 3875 1257 3928 pro
1276 3859 1402 3910 substan-

338 3946 406 3996 tiuie
434 3946 565 4013 usurpari
592 3950 620 3994 et
645 3946 755 4011 possint
782 3951 810 3995 et
836 3948 948 4013 saepius
970 3947 1079 3998 soleant
1097 3946 1284 4010 (semideique
1303 3945 1403 4009 deique

339 4029 402 4089 Ou,
421 4031 560 4081 Statorius
580 4030 712 4080 semilixa
730 4029 801 4096 Liu,
821 4035 877 4082 tres
891 4032 919 4081 in
933 4031 1081 4082 Trinacrio
1093 4033 1205 4082 Sirenes
1219 4070 1225 4082 .
1239 4047 1259 4081 ,ε
1280 4034 1335 4080 tres
1355 4045 1403 4082 uo·

338 4114 439 4181 lucres,
458 4119 515 4166 tres
535 4114 685 4179 semideae,
704 4118 762 4165 tres
781 4116 987 4183 semipuellae),
1024 4117 1144 4169 Prorsus
1165 4123 1256 4166 tamen
1275 4113 1402 4165 substan-

338 4199 419 4251 tiuali
439 4205 577 4267 potestate
595 4200 774 4252 semiieiunia
787 4199 873 4268 Tort,
887 4203 1095 4270 semiperfectio
1110 4202 1218 4268 Amhr,
1238 4200 1403 4251 semisermo

337 4283 534 4350 Hieronymus.
