3208 5030
736 518 1013 591 -102-

418 715 637 802 munificare:
667 723 811 796 Caesar.
828 725 928 817 epist.
944 725 1072 796 hortat.
1093 725 1139 795 ad
1157 727 1271 818 uirgg.
1285 722 1414 820 siquid

337 843 519 940 praestari
542 866 616 914 aori
647 841 826 924 eoaaeait,
852 840 1058 938 petitionem
1088 866 1210 914 eoram
1241 843 1413 914 honestate

342 963 463 1036 saltem
488 962 658 1034 sermome
684 960 857 1058 mollifica,
885 965 992 1056 gloss.
1014 971 1115 1049 [nam
1134 966 1246 1034 Macri
1265 965 1412 1054 Floridi,

345 1107 449 1178 quem
479 1087 563 1154 citat
588 1084 732 1154 Rtnseh
759 1107 794 1177 p.
823 1086 910 1177 179,
937 1085 1036 1156 nulla
1064 1091 1117 1154 est
1144 1085 1349 1172 auctoritem,
1377 1091 1411 1152 et

346 1207 437 1295 App.
465 1204 521 1273 De
554 1203 621 1273 deo
655 1204 753 1292 Sper.
783 1228 817 1296 p.
845 1206 917 1276 131
953 1206 1112 1276 Hildebr.
1148 1211 1201 1273 est
1235 1224 1254 1271 e
1290 1202 1411 1286 coni).

364 1453 403 1510 s·
422 1414 648 1499 munitarius:
677 1425 733 1493 De
748 1426 827 1494 uirt.
839 1425 981 1495 herbar.
995 1425 1086 1518 top.
1099 1424 1171 1495 137
1182 1427 1277 1495 Rose
1291 1423 1413 1496 malae

345 1538 512 1612 uirtutem
539 1539 636 1612 habet
666 1542 916 1637 perpeteriam
952 1553 982 1613 et
1017 1539 1241 1614 mellitom'am
1266 1541 1412 1615 aeatrir.

424 1755 640 1841 morbidant:
666 1764 726 1833 Ps.
745 1764 838 1854 Aug.
858 1764 998 1855 Specul.
1020 1763 1068 1833 30
1088 1768 1132 1848 (s.
1153 1787 1186 1831 u.
1207 1764 1413 1854 tumidam),

349 1887 439 1955 alius
468 1885 524 1953 Ps.
554 1884 644 1972 Aug.
674 1881 731 1951 ad.
759 1883 878 1952 fratri.
906 1885 940 1951 in
971 1903 1091 1953 eremo
1119 1903 1225 1952 serm.
1253 1882 1314 1952 49.
1360 1883 1413 1955 cf.

348 2003 376 2072 Ο
404 2003 449 2073 ad
476 1999 694 2071 roscidam&

354 2269 387 2314 ‚a
426 2212 663 2297 mortificate:
693 2221 789 2291 Cael.
811 2223 896 2292 Aur.
926 2223 1028 2292 salut.
1057 2243 1196 2312 praece.
1227 2222 1273 2291 19
1298 2229 1413 2315 pesta-

347 2337 394 2410 tie
414 2349 496 2434 post
521 2337 632 2410 cibam
659 2336 862 2434 morbificat.

426 2573 590 2637 ttwmtts
618 2559 770 2652 (mora):
798 2563 891 2632 loeo·
906 2563 1088 2653 singulari,
1110 2560 1285 2650 Cassiani,
1310 2581 1415 2653 quem

349 2683 377 2750 B
406 2683 472 2750 col.
503 2681 573 2750 211
604 2682 757 2770 exhibui,
784 2702 879 2750 nune
912 2680 1085 2750 accedunt
1113 2679 1270 2750 Cassiod.
1298 2682 1414 2770 inps,

351 2798 412 2887 34,
441 2799 489 2868 20
516 2797 695 2888 ‘Domina⁷
724 2800 865 2889 quando
893 2799 1111 2891 respicies?':
1138 2821 1210 2892 pre
1236 2806 1415 2868 eeasieeta-

350 2913 432 2985 diae
457 2912 678 3010 infirmitatis
704 2915 881 2986 humanae
908 2915 1050 2997 dieitur,
1081 2915 1139 2988 cai
1163 2939 1341 2987 morosam
1358 2914 1419 2986 ai·

351 3031 463 3112 datar,
493 3031 721 3128 qaedeaaqae
737 3033 913 3129 satarum
933 3046 990 3113 est,
1019 3058 1106 3129 qaae
1130 3058 1225 3116 moa,
1254 3047 1294 3106 at
1324 3035 1419 3129 capit
1452 3063 1457 3070 ·

351 3150 496 3248 aliquid,
515 3150 666 3250 festinat
691 3151 845 3246 implere,
873 3154 920 3224 id.
941 3157 1027 3227 Ver.
1055 3158 1082 3247 Ι,
1112 3156 1158 3225 29
1186 3177 1229 3224 ae
1257 3210 1265 3225 .
1290 3205 1297 3222 .
1326 3152 1418 3224 imi-

346 3270 426 3367 piat
451 3270 518 3342 iter
533 3270 624 3368 fieri
647 3293 836 3354 morosam,
865 3272 957 3368 qaod
981 3272 1030 3343 ad
1055 3273 1261 3344 celeritatem
1287 3282 1420 3344 coastat

353 3413 419 3461 esee
444 3390 641 3472 iaaeatam,
670 3393 796 3463 Thom.
826 3393 932 3463 Thes.
959 3396 1049 3486 prol.
1079 3394 1124 3463 ad
1152 3395 1201 3463 lit.
1232 3395 1262 3463 V
1290 3389 1417 3462 laada-

352 3508 571 3591 eitimam,
605 3508 699 3604 qaod
728 3535 807 3581 eam
838 3534 976 3582 morosa
1008 3509 1249 3582 deliberatione
1275 3510 1324 3580 ad
1348 3535 1418 3581 rm-

349 3650 455 3724 paem
475 3639 652 3724 pestremo
678 3639 756 3724 apte
776 3629 998 3723 perimitur,
1019 3655 1125 3726 qaam
1143 3629 1236 3725 qaod
1251 3629 1359 3700 sabito
1380 3685 1388 3701 .
1410 3683 1419 3701 .

346 3746 557 3844 prorumpit
581 3746 621 3820 ia
648 3747 819 3844 effaetam,
848 3751 954 3822 Aldh.
982 3752 1078 3822 laud.
1109 3753 1195 3842 uirg.
1226 3751 1273 3822 59
1301 3772 1419 3820 mere-

352 3981 605 3994 *nn—*—

454 4150 616 4201 *moroeae
634 4150 674 4218 A3
693 4176 725 4188 -
744 4149 958 4203 ‘montensis
971 4164 997 4217 q.
1016 4150 1246 4217 montuosusib.;
1266 4177 1297 4188 -
1310 4147 1421 4199 mortt-

448 4238 564 4306 serare
586 4235 634 4302 ib.
653 4235 715 4288 edd.
736 4236 915 4302 „mortiferor
932 4236 1019 4304 gloss.
1037 4237 1210 4304 νεκροῦμαι“;
1228 4263 1262 4274 -
1279 4234 1423 4286 metium

455 4321 508 4391 ib.;
527 4347 559 4360 —
578 4321 768 4375 mulcebris
786 4321 823 4374 ib.
