3208 5030
605 527 885 597 -205-

296 742 420 797 assos:
443 730 730 810 extemporanous,
752 727 1028 805 inframuraneus,
1051 726 1205 790 solaneus
1227 740 1277 804 (at.

211 831 245 882 od
265 831 315 896 u.).

366 926 408 983 Oi.
426 927 476 981 ΗΑ
496 945 523 997 p.
542 929 588 982 to·
606 943 656 996 sq,
681 957 712 968 -
733 928 767 980 ad
786 929 815 981 1:
835 933 1086 996 contemporaneus
1106 926 1186 995 Geli,
1209 931 1277 980 tem·

363 1027 504 1081 poraneus
523 1013 550 1067 S.
569 1013 596 1066 S.
615 1028 689 1069 uera.
708 1017 763 1067 nst.
783 1017 810 1066 et
830 1012 928 1080 Vulg.,
949 1014 1038 1080 Aug„
1062 1012 1124 1080 ali,
1144 1039 1175 1050 -
1195 1013 1229 1064 ad
1248 1015 1277 1065 2:
1355 1073 1359 1080 ,

363 1098 575 1151 intramuranus
594 1099 707 1168 Lampr.
726 1098 792 1163 (Ha
810 1113 838 1167 p.
856 1097 913 1164 18),
934 1097 965 1150 It.
985 1097 1041 1165 al,
1061 1097 1166 1165 Ambr,
1185 1100 1278 1166 inser,

366 1186 584 1234 extramuranus
597 1181 718 1252 Lampr,
734 1182 840 1250 Amor,
855 1181 947 1250 ligea,
960 1187 1160 1236 antemuranns
1180 1187 1208 1236 et
1226 1183 1277 1235 oir-

364 1280 561 1319 oummuranns
581 1269 673 1320 Aram.
685 1271 738 1331 Η).

299 1403 414 1471 ossis:
448 1404 589 1468 sorensis
612 1404 738 1486 (ioris),
759 1405 984 1487 paroohaosis,
1009 1404 1279 1486 siliquastrensis,

212 1505 456 1572 Turonioeasis.

367 1638 408 1692 Os.
423 1637 472 1690 ΗΑ
489 1654 517 1706 p.
531 1637 577 1690 17·
590 1651 640 1705 sq,
659 1637 707 1689 obi
726 1637 819 1691 allatis
838 1639 955 1691 retain
974 1639 1060 1691 -ensis
1079 1653 1096 1689 a
1114 1638 1277 1707 primitiuis,
1359 1695 1361 1700 ,

367 1737 440 1790 quae
458 1737 515 1775 non
534 1722 591 1774 siut
608 1723 723 1775 nomina
741 1724 857 1791 propria
875 1737 907 1774 ao
924 1721 1036 1791 looalia,
1055 1722 1171 1775 flaturae
1184 1737 1277 1781 exem·

365 1807 421 1876 plis
434 1805 609 1859 subindenda
621 1812 687 1859 sunt
699 1808 748 1860 int.
762 1810 824 1860 oott.
838 1807 1015 1875 puluinonois
1027 1808 1110 1860 insor.
1122 1807 1277 1875 (Bellona),

367 1891 516 1944 salinensis
536 1893 618 1946 inser.
638 1893 762 1961 Pompei.
783 1905 808 1958 q.
827 1891 973 1959 salinator,
1000 1891 1190 1945 thasaurausis
1210 1889 1278 1945 coo.

363 1975 449 2044 Just,
470 2003 500 2014 -
520 1977 720 2033 maritimensis
740 1977 848 2044 Groun,
875 1977 1030 2046 ponitensis
1049 1975 1278 2046 (ponitus)1sid.

367 2060 446 2129 (opp.
464 2060 642 2128 leoidensis).

301 2197 398 2266 icus:
422 2200 611 2281 acinatiaus,
634 2197 855 2283 Aeneanious,
878 2200 1073 2281 arcuatione,
1088 2199 1278 2264 oiroumoel·

213 2300 350 2365 lionious
370 2317 418 2380 (cf.
437 2315 474 2368 ad
491 2301 569 2383 n.),⁵
591 2302 869 2384 compatriotious,
892 2302 1089 2367 coxendices
1109 2320 1157 2380 (as.
1173 2316 1208 2368 ad
1226 2317 1277 2384 n),

212 2403 397 2481 forastious,
426 2404 612 2485 gentilious,
644 2403 838 2485 glebatious,
856 2402 879 2439 ¹⁰
907 2405 1079 2483 Maiorioa,
1102 2404 1276 2486 Minorioa,

214 2505 379 2585 noruieus,
402 2505 597 2587 strophious,
621 2505 861 2587 Tingitanious.

369 2635 411 2689 Cf.
430 2637 479 2689 HA
504 2654 531 2706 p.
549 2636 601 2690 19*
620 2649 670 2702 sq,
691 2635 711 2686 B
730 2652 757 2688 a.
775 2637 819 2706 32,
837 2663 871 2676 -
890 2637 924 2688 ad
942 2636 968 2705 1,
987 2637 1013 2704 3,
1031 2639 1057 2706 i,
1075 2638 1092 2690 9
1109 2637 1159 2690 ΗΑ
1179 2652 1206 2706 p.
1224 2636 1278 2703 20⁴,

367 2736 395 2772 n.
409 2721 450 2788 22,
465 2720 499 2772 de
514 2723 657 2790 expressis
675 2720 806 2774 bifariam
825 2725 853 2773 at
870 2723 900 2773 in
914 2722 996 2774 -tious
1016 2726 1044 2774 et
1062 2723 1090 2773 in
1104 2721 1174 2774 -tilis
1193 2736 1280 2790 sopra

368 2820 394 2873 p.
415 2805 478 2872 122,
503 2822 530 2858 n.
551 2805 583 2856 22
607 2805 738 2874 (quibus,
762 2808 790 2859 ni
815 2807 1019 2874 significatione
1038 2807 1195 2875 differrent,
1215 2805 1278 2858 addi

367 2896 483 2957 possent
500 2891 654 2950 arcuatione,
678 2892 835 2959 orouatt'ls'o),
855 2891 922 2944 adl
942 2906 1005 2946 ann.
1024 2891 1059 2943 ad
1079 2908 1114 2958 u.,
1134 2893 1181 2944 ubi
1201 2890 1278 2943 add.:

369 2974 539 3045 multotiens,
554 2977 726 3031 multatioius
738 2979 798 3044 ⁵⁵);
818 2978 851 3028 ad
865 2979 890 3044 3,
905 2977 931 3044 6,
945 2977 977 3030 13
991 2978 1054 3030 An.
1068 2977 1112 3044 66,
1125 2976 1172 3029 ubi
1186 2990 1278 3028 oxom-

215 3141 468 3156 *un—.—

285 3260 332 3323 54)
352 3259 394 3313 Cf.
413 3260 617 3329 circumforanus
634 3260 744 3328 Lampr.
765 3259 870 3311 Comm.
890 3262 918 3326 2,
942 3262 972 3328 8,
996 3260 1077 3329 isio,
1101 3260 1279 3313 circumfora-

217 3358 297 3410 neus,
318 3370 350 3380 -
370 3344 537 3413 oppidanus,
562 3345 728 3411 oppiduosus,
746 3373 778 3382 -—
798 3343 912 3396 uioanus
932 3349 959 3396 at
976 3345 1138 3404 sannionum,
1159 3343 1282 3396 annosos

218 3427 248 3480 Ο.
262 3427 315 3479 Th.
335 3431 362 3477 et
379 3428 546 3478 rouuioausua
563 3429 633 3480 Hist.
648 3429 721 3496 trip,
740 3455 771 3465 -
792 3428 932 3493 fontanus,
946 3429 1094 3497 fontaneae,
1113 3457 1144 3468 -
1164 3429 1280 3498 Campa-

217 3525 280 3575 nus,
300 3526 462 3576 eompassus,
479 3539 512 3550 -
531 3514 655 3564 sicoanns
675 3512 755 3582 Ptin,
776 3513 918 3566 siccaneas
938 3512 1007 3582 Col,
1021 3544 1053 3555 -
1066 3516 1203 3568 solitanus
1222 3517 1280 3579 (so-

218 3595 277 3660 lus)
297 3593 377 3659 Ptin,
397 3595 533 3647 solituueuo
552 3595 603 3649 Th.
623 3597 724 3663 Prien,
743 3623 776 3634 -
795 3596 948 3656 cellationes,
965 3600 1135 3660 cancellarium
1159 3599 1281 3650 trous-li-

217 3679 329 3730 mitanea
348 3680 454 3749 ambr,
474 3679 618 3732 limitaneus
630 3696 696 3735 sorr.
709 3681 736 3734 h.
751 3683 834 3750 Aug,
848 3683 914 3736 Cod.
929 3683 980 3737 Th.
1011 3685 1064 3737 Sed
1084 3691 1196 3738 exstant
1213 3699 1280 3737 non·

217 3764 297 3817 nulla
315 3765 344 3815 in
364 3779 462 3817 -aaeus
482 3765 643 3819 doriuotaa
667 3767 787 3820 uerbis
807 3768 871 3833 (HA
890 3786 917 3837 p.
937 3770 981 3821 18·
1000 3773 1070 3838 sq.),
1090 3777 1121 3822 nt
1139 3769 1279 3838 praesida-

217 3864 287 3901 neus
305 3848 427 3919 (hostia,
447 3853 559 3920 porea),
585 3851 778 3923 obleetaneus,
804 3855 849 3906 uel
869 3855 902 3907 ab
921 3854 1119 3923 aduerbiis,
1139 3861 1170 3907 ut
1188 3859 1279 3907 extra·

218 3949 287 3985 neos
301 3975 307 3988 .
323 3935 374 3997 ,ti
392 3934 411 3986 i.
430 3951 456 4002 p.
477 3936 542 4004 19'),
563 3943 663 3988 neutra
682 3937 782 3990 horum
800 3941 830 3990 in
849 3955 946 4007 -auus3
967 3945 1067 3992 contra
1082 3953 1189 4005 eorum,
1209 3953 1281 4005 quae

219 4020 324 4071 ianus
340 4022 534 4088 terminantur,
550 4027 580 4072 ut
592 4024 780 4090 prasinianus,
795 4027 1000 4092 praefectianus
1013 4063 1019 4077 .
1033 4064 1049 4092 .,
1069 4024 1148 4077 nulla
1166 4025 1280 4077 inuenio

218 4105 247 4154 iu
267 4117 328 4156 aas
348 4107 475 4171 (aneos)
494 4105 637 4173 producta.

287 4223 334 4286 55)
354 4222 564 4276 Eiusdsmmodi
582 4229 657 4292 suat,
677 4226 731 4278 nisi
750 4226 825 4293 qnod
843 4227 933 4280 altera
952 4228 1051 4296 forma,
1070 4229 1099 4280 in
1118 4227 1222 4293 tinius,
1236 4241 1277 4280 oa·

220 4318 282 4356 roro
301 4305 446 4361 uidentur:
458 4309 596 4377 seriatieus
614 4310 679 4378 Dig.
698 4311 766 4381 dies,
779 4313 962 4381 foederatione,
980 4312 1136 4374 libellaticos,
1154 4313 1280 4366 muriati-
