3208 5030
728 477 1004 548 -210-

416 673 615 739 ire-burrus.

416 828 658 910 sub-clausus,
676 828 931 911 subcommunis,
946 807 1146 912 subspissus,
1161 828 1403 912 substypticus,

331 929 600 1013 subtemporalis,
623 929 856 995 subtremulos.

484 1062 526 1116 ct.
544 1065 570 1116 Δ
589 1079 616 1130 p.
634 1063 677 1116 85.

417 1203 701 1284 super-plenus,
724 1202 1017 1285 (superrepletus,)
1034 1201 1404 1285 ²supersubstantiuus.

485 1333 528 1393 Ol,
547 1334 583 1386 ad
611 1336 622 1387 1
650 1335 850 1402 superdimidior
874 1340 910 1403 et,
938 1350 1035 1404 super·
1061 1335 1233 1404 superlatiue
1260 1337 1405 1405 imposita,

484 1419 691 1484 superylcricsos,
707 1420 933 1486 superlaudabilis,
951 1421 985 1472 ad
1004 1420 1295 1486 impermistarum,
1313 1435 1403 1484 super-

483 1504 632 1572 mundialis,
650 1505 865 1571 supernaturalis,
881 1514 1079 1570 asportemus,

416 1661 490 1724 sup
500 1642 722 1707 ra·coelestis
736 1642 789 1716 ³⁹).

418 1810 462 1877 ln·
497 1813 676 1895 (priuat.):
713 1810 927 1893 illaedibilis,
963 1811 1143 1892 illicenter,
1180 1810 1404 1893 imbenignos,

332 1914 583 1995 immaterialis,
607 1911 880 1993 ⁵immensibilis,
903 1913 1146 1996 impalpabilis,
1169 1915 1404 1994 impercenter,

334 2017 613 2098 imparticipatus,
624 2014 812 2097 impartilis,
831 2015 1149 2097 ¹⁰impassionabilis,
1160 2015 1405 2096 impatefactus,

329 2119 585 2200 imperagratus,
606 2117 866 2199 impoenitibilis,
886 2118 1112 2200 impraescius,
1142 2116 1404 2198 ¹⁵impraestric·

332 2223 402 2297 tus,
439 2220 750 2301 impraetermisse,
801 2219 1139 2301 impraeuaricabilis,
1178 2219 1405 2300 improficuas,

331 2319 586 2402 impudefactus,
602 2319 630 2356 ²⁰
643 2319 883 2403 impuderatus,
898 2319 1150 2404 inacceptibilis,
1165 2319 1404 2398 inalienabilis,

330 2423 559 2505 inambiguus,
587 2422 865 2505 inamplexibilis,
895 2422 923 2459 ²⁵
936 2423 1186 2505 inattingibilis,
1210 2421 1404 2496 incaducus,

331 2528 526 2605 incarneus,
562 2525 872 2607 incircumspectus,
904 2525 1123 2605 inclinabilis,
1154 2524 1181 2560 ³⁰
1195 2524 1405 2603 incoercitus,

330 2626 635 2708 incoinquinabilis,
657 2627 833 2708 incolatus,
855 2628 1122 2706 incomminutus,
1138 2626 1404 2707 incommonitus,

332 2729 360 2766 ³⁵
373 2731 555 2812 incompos,
577 2728 860 2808 inconculcabilis,
875 2727 1213 2810 inconsubstantialis,
1228 2727 1405 2792 inconsub-

399 3063 447 3127 59)
467 3062 509 3115 Of.
528 3079 590 3132 sup.
609 3065 823 3120 intracoelestis.
860 3064 938 3132 Quae
958 3065 1083 3132 profecto
1109 3067 1132 3117 si
1157 3067 1268 3119 uiuacis
1285 3066 1402 3134 linguae

331 3146 437 3199 latinae
456 3149 601 3215 genimina
619 3164 679 3202 esse
704 3150 861 3219 crederem,
886 3165 917 3202 ac
940 3165 997 3203 non
1023 3152 1117 3218 pot-ius
1138 3154 1221 3204 unius
1240 3152 1404 3218 grammati·

331 3235 415 3285 castri
434 3233 538 3286 caduca
556 3236 719 3301 conamina,
744 3251 800 3288 non
819 3251 871 3304 pro
890 3237 1091 3288 consarcinatis
1110 3250 1125 3286 e
1144 3237 1356 3304 praepositione
1374 3241 1405 3286 et

331 3317 470 3370 adiectiuo
489 3323 696 3389 computarem,
722 3321 770 3373 sed
796 3335 833 3373 ex
857 3320 1013 3373 aduerbiali
1033 3322 1253 3389 praepositionis
1272 3336 1334 3372 cum
1354 3335 1402 3372 nc·

331 3405 407 3454 mine
436 3407 644 3458 constructione
675 3406 776 3474 (supra
802 3406 926 3470 coelum)
957 3411 1086 3457 concreta
1114 3419 1175 3458 esse
1201 3405 1400 3472 intelligerem.

331 3485 463 3540 Ceterum
481 3490 515 3542 cl.
537 3489 691 3540 seleucianis
713 3494 742 3542 et
764 3490 949 3557 supercoelestis
972 3489 1052 3542 Tert.
1071 3494 1100 3540 et
1117 3494 1201 3558 postt.
1220 3490 1302 3557 (Ill),
1326 3489 1402 3539 inter·

329 3571 437 3621 metentis
455 3571 496 3625 Ol.
510 3574 600 3641 llam,
616 3575 786 3624 submutui-r
796 3577 881 3644 intpr.
897 3574 984 3642 Iram,
1004 3575 1202 3640 intermestris,
1217 3573 1400 3626 bimestris..

330 3656 545 3726 (bimenstrnus,
565 3657 699 3711 bimensis
718 3698 725 3711 .
744 3663 782 3725 .)3
800 3659 920 3712 illustris
934 3661 977 3723 (in
996 3653 1082 3725 luce),
1102 3659 1253 3711 sublustris
1273 3657 1400 3727 (praelu-

330 3743 397 3794 stris
421 3757 536 3809 syncop.
559 3757 574 3794 e
597 3743 826 3810 pree-illustris,
857 3748 889 3795 nt
913 3759 1070 3814 praecepere
1093 3759 1108 3794 c
1132 3757 1322 3812 praeerogare
1356 3741 1401 3808 G',

327 3828 499 3892 promissore,
512 3827 650 3894 premio
666 3843 711 3896 ep.
729 3827 810 3895 Fnlg.
835 3828 921 3896 Rusp.
945 3828 1011 3894 Erg.
1029 3829 1055 3880 ll
1074 3827 1293 3896 praeelectio),
1315 3855 1347 3865 —
1368 3831 1399 3876 et

330 3911 403 3964 elis
420 3917 568 3981 praeterea
587 3915 691 3965 -stris
704 3914 792 3980 (·stis,
812 3915 896 3976 ster)
911 3915 1074 3966 terminata:
1093 3914 1224 3982 agrestis,
1244 3917 1401 3980 campester

330 3999 438 4066 (·tris),
457 4003 587 4064 equester
605 4001 713 4063 (·tris),
738 3997 897 4063 Fanestris,
921 3998 1051 4057 moesti-is,
1073 3997 1331 4064 Nemestr-(inus),
1353 4011 1400 4063 pa-

330 4083 428 4136 lustris
452 4088 480 4134 et
497 4087 552 4134 ter
571 4083 770 4150 (paludestris),
793 4083 924 4152 pedester
947 4084 1039 4149 (·tris:
1070 4083 1121 4135 ΗΑ
1140 4099 1166 4151 p.
1184 4083 1248 4148 69),
1273 4081 1401 4138 carcub,

330 4173 466 4237 segestro,
485 4173 640 4235 sequester,
659 4168 800 4223 siluestris
818 4171 890 4234 (·ter
908 4170 984 4237 pA),
1003 4167 1137 4226 aumas,
1154 4167 1284 4218 cauernis
1301 4169 1341 4230 (n.
1361 4165 1400 4233 pl.

330 4247 428 4309 Ambr.
447 4255 506 4321 inp.
524 4269 578 4307 sec.
596 4258 622 4320 5,
640 4254 672 4307 31
692 4254 738 4322 al,
757 4255 793 4307 cf.
812 4253 863 4322 Gg.
882 4269 904 4306 e.
923 4255 974 4318 u.).
