3202 5028
587 531 842 602 ...17-

260 733 554 828 capessibilis:
596 733 699 802 biarii
733 733 942 804 Mercatoris
977 736 1055 826 [qui
1088 740 1252 829 supparis

179 855 380 945 Augustino
408 854 473 921 tuit
491 853 588 936 aeui)
616 853 721 940 intpr.
741 852 881 922 Nestor.
909 871 1015 923 serm.
1038 851 1072 943 7,
1099 853 1147 923 42
1176 852 1253 947 quis

178 969 379 1064 suspicatur
405 965 587 1038 Deitatem
621 966 801 1050 furacibus
831 968 992 1040 manibus
1023 969 1254 1064 capessibilem

179 1086 284 1176 ossei,
311 1089 357 1160 id.
389 1093 584 1178 excerptor.
611 1087 752 1159 Nestor.
782 1089 861 1160 coll.
890 1089 1022 1180 11,15.

257 1283 432 1400 coniicito
465 1285 516 1381 (q.
546 1282 756 1385 captiosus):
797 1290 957 1360 Facund.
993 1291 1128 1364 defens.
1156 1293 1201 1384 V,
1230 1293 1251 1362 2

179 1408 212 1480 si
239 1404 377 1503 quoeris
402 1428 609 1501 manascere,
638 1404 730 1500 quod
754 1429 826 1476 non
853 1405 927 1478 istis
953 1407 1103 1479 obscuris
1121 1421 1152 1479 et
1169 1433 1253 1504 cup-

178 1525 269 1598 ticiis
301 1523 624 1605 adiuuentionibus‚
666 1523 726 1595 sed
755 1549 821 1595 suo
852 1535 971 1619 sponte
1004 1526 1197 1621 conspicuis
1224 1539 1256 1598 et

179 1641 394 1716 euidentibus
420 1642 651 1724 documentis,
685 1667 772 1737 quae
797 1666 880 1715 uere
904 1643 1003 1735 facta
1029 1655 1077 1716 est
1102 1645 1251 1743 necatio,

180 1762 448 1844 demonstretur,
478 1761 614 1833 attende
641 1785 764 1856 quaeso
792 1761 906 1857 quotis
923 1762 1042 1860 suerit
1070 1819 1077 1834 .
1108 1818 1114 1834 .

201 1975 207 1990 '
259 1960 460 2062 cupierint:
501 1970 592 2058 Aug.
628 1989 657 2036 c.
690 1969 811 2037 Faust.
847 1969 930 2058 XX,
965 1968 1012 2039 17
1040 1968 1179 2060 (pastor
1207 1967 1253 2036 ud

182 2085 396 2178 capiendam
420 2087 586 2171 bestiam)
610 2106 717 2179 pecus
742 2109 847 2155 suum
873 2085 954 2156 sciet
973 2109 1107 2179 ponere
1124 2084 1164 2156 in
1190 2083 1252 2156 iiio

115 2217 138 2244 ·'
181 2202 346 2298 captoria
364 2201 550 2282 tendicula,
570 2225 643 2274 non
657 2203 853 2274 membrum
866 2229 990 2283 suum:
1007 2197 1121 2276 nenti.
1142 2206 1252 2276 subst.

180 2325 242 2396 Ps.
264 2325 354 2415 Aug.
374 2345 479 2394 serm.
502 2323 587 2413 205,
607 2323 629 2393 1
648 2332 697 2403 ut,
718 2321 781 2416 qui
798 2333 878 2394 ante
895 2322 1093 2419 contorium
1110 2321 1255 2394 iaciebat

182 2440 224 2512 in
251 2439 335 2521 salo,
363 2439 462 2512 uerbi
487 2464 583 2512 nunc
607 2439 698 2511 retia
723 2452 870 2538 sperant
895 2441 933 2513 in
959 2431 1106 2518 mundo.

261 2637 457 2739 can-uim,
471 2635 652 2740 cambiare
668 2635 776 2756 (unde
791 2645 949 2736 chaplor‚
969 2646 1129 2737 ohuplar,
1153 2685 1191 2696 σ-
1208 2646 1252 2714 ef.

183 2763 296 2857 onpus
317 2785 344 2834 s.
364 2785 470 2856 capo,
489 2759 649 2855 kappen)
671 2784 703 2853 q.
722 2762 921 2852 concidere,
945 2784 1081 2853 secare,
1103 2761 1253 2832 elidere:

181 2883 278 2954 Mela
310 2877 430 2979 (piscis
451 2935 458 2951 .
482 2935 489 2951 .
517 2885 588 2951 iotu
616 2883 856 2973 copulantium
885 2876 1123 2979 interfectus),
1155 2883 1252 2952 Hier.

182 3003 219 3070 in
249 3022 302 3092 ps.
331 3002 406 3072 118
433 2998 523 3080 tobia,
552 2997 694 3093 capula,
724 3022 816 3079 seca,
845 3001 1002 3072 Authim.
1034 3001 1080 3071 75
1108 2998 1254 3070 bucellas

182 3118 367 3214 capulatas
402 3130 433 3188 et
465 3117 637 3198 minutas,
678 3120 727 3191 43
759 3141 856 3188 assae
888 3117 938 3188 ita
968 3128 1008 3188 ut
1040 3117 1255 3213 capelieutur

174 3247 311 3332 partes,
344 3241 474 3333 „Logg.
505 3239 604 3308 barb.
634 3244 782 3330 utraque
810 3239 927 3308 forma
954 3231 1066 3329 freq.“
1100 3239 1156 3326 (ei.
1182 3240 1254 3309 Hil-

176 3357 346 3427 dobrand
375 3357 490 3429 Gloss.
511 3359 586 3446 lat,
615 3358 729 3429 Goett.
750 3357 863 3446 1854,
890 3380 925 3448 p.
945 3350 1032 3450 45);
1060 3398 1103 3410 -
1136 3359 1255 3450 capul-

182 3496 247 3546 are
276 3475 413 3546 Colum.
443 3473 674 3568 (copulantur
703 3475 844 3566 boues).

261 3667 417 3752 cuticula
447 3669 613 3772 (carica):
654 3679 801 3748 Hieron.
837 3679 872 3746 in
902 3680 1011 3748 Amos
1044 3678 1108 3766 111,
1145 3677 1191 3747 ad
1221 3679 1254 3770 7,

184 3797 236 3868 14
262 3817 339 3888 sqq.
366 3794 605 3889 sycamina..
639 3808 787 3888 cerastes
822 3794 978 3890 afferunt
1005 3793 1117 3889 ficus,
1156 3818 1253 3888 quoe,

182 3912 216 3984 si
239 3937 313 3985 non
338 3913 553 3994 ueliiccntur,
582 3912 824 3985 amarissimas
850 3912 1020 3985 cariculas
1036 3911 1197 4009 fuciunt.
